1414 2655
602 86 725 121 ‘nL

149 99 192 161 1ὲῖ
209 132 239 160 ὃ(
258 132 374 161 Romoe,
394 130 426 160 St
445 135 495 164 per
513 135 604 159 totam
613 133 727 159 ltaliam

147 170 221 191 erat.
242 166 340 191 Romae
351 164 445 196 pretio
457 164 558 191 eodem
569 180 577 193 ‚
595 165 685 197 pluris
696 165 725 190 in

147 196 224 223 foris
243 197 272 224 ὃ(
292 195 493 223 conciliabulis
509 212 518 226 ‚
535 196 565 224 δε
583 197 643 223 alio
662 196 729 223 alibi

145 229 246 261 pretio
285 227 468 260 praebendum
496 228 673 256 locaverunt.
696 229 728 256 Id

149 260 269 290 vectigal
281 266 475 286 commentum
485 260 610 287 alterum
619 266 654 286 ex
663 267 727 286 cen-

144 290 260 318 soribus
278 290 345 318 satis
361 292 534 322 credebant,
556 293 732 326 populoita-

149 328 230 352 tum,
251 325 330 355 quod
353 324 455 357 iniquo
464 324 576 355 judicio
585 326 729 357 quondam

147 356 302 383 damnatus
310 356 393 383 effet:
416 356 445 383 ὃ(
457 357 486 382 in
497 357 592 389 pretio
601 357 664 383 ialis
675 363 733 382 ma-

149 388 228 415 xime
238 394 369 415 oneratas
379 388 472 414 tribus
485 404 492 416 ,
512 395 631 420 quarum
644 395 732 419 opera

148 420 300 446 damnatus
319 426 390 448 erat,
401 420 565 448 credebant.
583 421 651 447 inde
663 420 729 446 Sali-

149 452 247 478 natori
284 452 371 478 Livio
400 452 530 487 inditum
558 458 728 484 cognomen.

147 483 286 510 Lustrum
304 484 457 511 conditum
477 485 564 512 letius
576 484 670 520 ‚fluia
681 490 730 517 per

144 516 310 549 provincias
328 517 501 543 dimiierunt
523 520 652 543 teniores
671 533 679 545 ‚
698 522 732 543 ut

146 548 255 575 civIum
275 549 472 574 Romanorum
490 549 521 574 in
544 548 732 578 exercitibus,

148 585 277 612 quantus
287 581 394 637 ubiffue
407 579 471 606 esset
482 596 490 608 ,
504 580 663 607 reFerretur
676 587 729 606 nu-

148 619 257 639 merus.
276 613 336 638 Cen
353 619 367 638 a
385 618 449 637 cum
460 612 494 637 iis
503 613 626 639 ducenta
635 612 730 638 decem

169 650 276 671 uatuor
292 645 386 671 millia
404 644 554 670 hominum
572 660 581 673 ‚
599 644 731 671 condidit

161 676 271 703 ustrum
293 678 327 701 C.
340 676 479 702 Claudius
496 677 587 703 Nero.
616 677 730 702 Duode-

145 708 205 735 cim
223 708 328 735 deinde
339 708 518 735 coloniarum
538 708 638 741 (quod
649 715 731 734 num-

147 746 235 771 quam
255 746 339 767 antea
359 740 464 766 fastum
474 740 555 771 erat)
573 740 732 776 deferenti-

149 771 204 799 bus
224 772 318 803 ipsum
340 771 522 797 coloniarum
543 772 711 798 tenioribus
722 788 729 801 ‚

146 802 262 830 censum
270 809 442 836 acceperunt
454 811 462 828 .-
480 809 515 830 ut
525 809 665 835 quantum
676 811 730 830 nu-

149 842 233 862 mero
241 837 368 863 militum
381 852 389 865 ,
403 842 543 867 quantum
555 837 674 868 pecunia
685 843 728 862 va-

146 867 253 896 lerent,
265 869 294 894 in
308 867 430 900 publicis
442 867 547 894 tabulis
559 874 729 903 monumen-

146 904 178 926 ta
194 905 338 927 extarent.
360 899 498 931 Equitum
511 899 618 926 deinde
629 903 728 927 cenius

146 932 194 964 agi
214 938 324 964 coeptus
334 931 389 957 est:
414 932 442 958 8<
451 932 532 957 ambo
543 931 621 957 forte
631 932 732 958 censo-

144 970 190 990 res
201 970 306 996 equum
319 962 463 995 publicum
476 963 728 996 habebant.Quum

145 996 185 1022 ad
198 996 306 1022 tribum
318 995 440 1021 Polliam
451 1002 568 1021 ventum
579 995 662 1023 eihin
674 1002 731 1028 qua

146 1028 194 1053 M.
206 1028 286 1054 Livii
304 1034 408 1054 nomen
419 1033 481 1053 erat
491 1043 499 1055 2
518 1027 547 1054 &
559 1034 651 1057 praeco
662 1034 731 1053 cun-

145 1059 273 1087 &aretur
283 1060 371 1087 citare
380 1057 471 1090 ipsum
481 1059 638 1090 censorem
652 1060 731 1088 cita,

145 1091 248 1123 inquit
267 1092 348 1118 Nero
359 1107 367 1121 ‚
390 1092 434 1117 M.
446 1091 573 1117 Livium.
590 1092 620 1118 ὃ(
631 1091 686 1117 sive
697 1098 731 1117 ex

143 1124 258 1150 relidua
267 1124 296 1151 Sc
305 1128 400 1150 vetere
409 1123 620 1153 iimultate‚five
630 1124 733 1150 intem·

164 1156 250 1182 estiva
258 1156 417 1185 laetatione
427 1155 584 1181 severitatis
592 1155 714 1182 inflatus
725 1162 734 1187 ς

142 1162 263 1215 {Avium
275 1204 284 1218 ,
293 1189 361 1220 quia
371 1188 471 1221 populi
480 1187 594 1224 judicio
605 1187 671 1223 effer
682 1188 731 1213 da-

147 1225 281 1250 mnat-us,
301 1226 406 1252 equum
417 1221 539 1246 vendere
548 1219 640 1251 Jussrt.
659 1220 728 1246 item

145 1252 193 1279 Μ.
203 1252 305 1278 Livius
317 1258 406 1284 quum
416 1252 452 1278 ad
464 1251 573 1278 tribum
583 1252 729 1278 Narnien-

144 1283 205 1310 sem
223 1284 252 1312 δε
272 1290 377 1310 nomen
393 1283 511 1315 collegae
532 1289 650 1310 ventum
670 1283 729 1313 est,

144 1318 270 1343 vendere
289 1322 396 1348 equum
413 1316 449 1340 C.
461 1315 728 1346 claudiumjussit·.

144 1349 270 1375 duarum
289 1354 385 1383 rerum
396 1347 504 1383 caufl‘a:
524 1348 630 1377 unius,
647 1348 727 1381 quod

145 1380 251 1407 falfiim
268 1381 401 1407 adverius
419 1380 446 1405 ie
468 1379 664 1415 testimonium
683 1380 728 1415 di-

142 1413 245 1440 xiilet:
267 1413 387 1439 alterius
395 1427 403 1439 ‚
415 1412 496 1443 quod
507 1418 566 1437 non
575 1412 683 1437 iincera
693 1412 728 1437 h-

143 1445 182 1471 de
200 1444 292 1471 secum
313 1446 343 1471 in
354 1444 474 1475 gratiam
486 1443 609 1471 redisset.
628 1444 728 1475 Itaque

144 1476 190 1503 ibi
199 1476 313 1503 foedum
325 1481 478 1505 certamen,
493 1475 670 1507 inquinandi
686 1475 727 1501 fa·

144 1514 220 1534 mam
238 1508 359 1535 alterius
377 1514 441 1533 cum
451 1506 505 1533 suae
518 1507 598 1533 famae
608 1508 727 1535 damno»

146 1540 254 1567 facturn
272 1541 322 1566 est.
342 1540 434 1566 Exitu
455 1537 580 1565 censurae
595 1546 684 1572 quum
696 1540 726 1566 in

142 1570 346 1605 legesjurass‘et
356 1573 391 1598 c.
404 1571 564 1601 Claudius,
575 1571 604 1599 ὅς
616 1572 645 1597 in
657 1579 724 1598 aera-

142 1605 223 1631 rium
242 1604 424 1634 estendisset,
444 1604 522 1630 ‘mter
539 1604 659 1630 nomina
677 1610 726 1630 eo-

142 1643 222 1665 rum,
233 1644 306 1668 quos
316 1637 430 1663 aerarios
440 1635 628 1666 relinquebat.
644 1636 726 1663 dedit

140 1668 260 1701 collegae
271 1675 386 1695 nomen.
405 1668 520 1694 Deinde
528 1668 571 1693 M.
582 1668 684 1694 Livius
695 1668 725 1694 in

139 1701 275 1728 aerarium
285 1702 375 1729 venit,
385 1700 414 1727 8<
425 1705 527 1731 praeter
535 1700 665 1726 Maeciarn
675 1700 729 1727 tri-

143 1732 224 1762 bum,
235 1739 299 1765 quae
310 1732 338 1759 se
347 1739 399 1758 nec
411 1732 726 1764 condemnassetmeque

100 1782 102 1784 -
142 1764 368 1791 condemnatum
386 1769 438 1790 aut
446 1762 592 1791 consulem
603 1769 652 1790 aut
660 1771 726 1790 cen-

141 1795 237 1822 sorem
253 1795 383 1827 fecisl‘et3
401 1796 540 1827 populum
559 1796 722 1823 Romanum

142 1834 261 1857 omnem
272 1845 281 1861 ,
301 1833 427 1863 quatuor
445 1827 476 1857 ὅς
495 1828 618 1861 triginta
629 1828 725 1858 tribus

764 96 893 160 'marios
901 97 1044 167 'reliquia
1070 135 1150 169 quod
1168 136 1198 165 Bt
1219 136 1359 165 ln'nocen·
1377 138 1379 142 ’

778 171 835 192 tem
846 165 873 191 se
882 167 1113 194 condemnassent
1122 185 1132 198 ,
1141 168 1171 196 St
1183 170 1359 196 condemna·
1376 186 1379 191 ·
1413 186 1414 189 =

779 203 840 223 tum
860 198 1007 236 consulem
1019 200 1048 227 8<
1057 200 1203 235 censorem
1213 201 1356 233 fecissent,

776 236 870 261 neque
887 230 1009 258 infitiari
1029 232 1137 262 pollent
1148 248 1157 260 ·
1173 238 1225 260 aut
1243 233 1358 265 judicio

777 262 872 290 semel,
884 267 934 288 aut
944 264 1068 290 comitiis
1079 265 1123 291 bis
1129 264 1165 291 ab
1173 263 1202 291 i'e
1211 270 1358 298 peccatum

776 293 837 320 effe.
856 296 936 321 Inter
945 300 1069 326 quatuor
1078 296 1108 323 St
1118 297 1240 329 triginta
1250 297 1357 327 tribus,

774 325 804 360 ὃς
823 327 856 352 C.
869 327 1024 353 Claudium
1037 328 1167 355 :rrarium
1179 328 1253 355 fore.
1269 329 1351 361 quod

776 359 796 382 ιι
810 359 970 390 exemplum
991 359 1108 386 haberet
1133 360 1175 387 bis
1187 361 1310 387 eundem
1321 368 1358 386 ²-

777 391 885 417 rarium
903 390 1090 423 relinquendi
1110 408 1118 421 ‚
1140 394 1175 417 C.
1198 393 1356 419 Claudium

777 422 949 449 nominatim
967 422 995 449 se
1006 424 1082 449 inter
1092 424 1208 451 aerarios
1217 424 1300 451 suifl'e
1311 430 1355 450 re-

775 454 921 480 listurum.
938 455 1058 481 Pravum
1068 461 1209 482 certamen
1219 461 1355 483 notarum
1373 471 1375 473 -

776 486 852 512 inter
861 485 1008 513 censores:
1032 488 1097 514 casti
1120 489 1358 516 atioinconiian·
1374 503 1375 506 =

774 519 821 544 tiae
840 519 940 550 populi
958 519 1086 545 censoria
1133 521 1272 553 gravitate
1282 527 1355 547 tem·

775 557 876 586 Horum
887 550 1003 577 illorum
1013 552 1111 585 digna.
1122 554 1156 578 ln
1169 553 1280 579 invidia
1289 558 1356 579 cen-

774 583 849 607 iores
869 589 958 617 quum
974 583 1078 613 essent,
1097 583 1241 611 crescendi
1261 591 1296 610 ex
1308 584 1356 611 his

774 619 853 640 ratus
873 614 926 641 esse
947 616 1138 645 ommonem,
1160 618 1217 642 cn.
1238 617 1353 644 Baebius

773 646 906 672 tribunus
927 647 1016 678 plebis
1036 648 1112 673 diem
1122 649 1158 674 ad
1172 649 1307 683 populum
1320 655 1355 675 u-

772 678 870 710 trique
878 679 965 705 dixit.
978 680 1018 705 Ea
1028 685 1071 705 res
1081 679 1222 706 couleniu
1233 680 1353 707 Patrurn

772 709 889 736 discusia
901 711 940 736 est
949 727 956 738 ‚
969 717 1005 746 ne
1019 710 1113 743 postea
1120 712 1248 739 obnoxia
1258 719 1350 746 popu-

772 741 826 768 lari
838 748 915 768 aurae
925 743 1043 769 cenlura
1052 742 1130 770 ess‘et.

805 775 874 804 cap.
893 775 918 799 Χ
929 775 955 799 x
966 776 991 799 Χ
1006 776 1031 799 V
1044 777 1057 801 1
1069 776 1083 801 1
1094 776 1119 801 1.
1145 776 1252 802 Eadem
1262 776 1356 803 astate

774 805 804 831 in
817 806 942 833 Bruttiis
953 806 1110 836 Clampetia
1120 805 1134 833 a
1145 806 1261 833 consule
1272 808 1301 833 vi
1311 814 1356 834 ca-

775 843 823 875 pta
835 853 843 866 ‚
863 837 1022 864 Consenti-'1
1033 837 1062 865 ὃ(
1074 839 1224 867 Pandosia,
1233 839 1262 867 St
1273 839 1357 872 igno-

772 869 843 895 biles
860 870 923 896 aliae
944 871 1092 899 civitates,
1111 871 1261 897 voluntate
1273 872 1303 897 in
1313 871 1359 898 di-

775 901 886 927 tionem
899 907 1050 928 venerunt.
1071 904 1111 930 Et
1122 910 1212 936 quum
1222 904 1358 930 comitio·
1376 913 1377 916 ¹

774 939 839 959 rum
859 934 914 964 jam
935 940 1084 966 appeteret
1098 940 1227 967 tempus,
1247 936 1360 961 corne-

774 964 846 991 lium
857 966 954 997 potius
964 972 998 991 ex
1012 967 1142 996 Etruria.
1153 968 1202 993 ubi
1213 967 1289 994 nihil
1300 966 1362 994 bel-

775 996 798 1022 li
809 999 1006 1025 erat‚Romam
1017 999 1101 1025 acciri
1111 1000 1230 1032 placuit.
1249 1000 1277 1025 ls
1288 1005 1360 1025 con-

773 1028 849 1055 sules
868 1030 924 1055 Cn.
943 1030 1098 1057 Servilium
1117 1032 1281 1064 Caepionem
1297 1047 1306 1060 ‚
1328 1030 1362 1058 Se

777 1062 812 1085 c.
825 1061 976 1088 Servilium
986 1063 1142 1090 Geminum
1152 1064 1269 1090 creavit.
1285 1063 1360 1089 Inde

778 1094 914 1124 praetoria
943 1095 1060 1121 comitia
1077 1095 1184 1121 habita.
1211 1095 1302 1121 creati
1326 1094 1360 1120 P.

777 1125 933 1151 Cornelius
952 1126 1096 1154 Lentulus
1114 1143 1123 1156 ‚
1141 1127 1173 1152 P.

780 1157 872 1183 Varus
883 1174 892 1186 ,
912 1156 946 1183 P.
957 1158 1055 1185 AElius
1076 1158 1168 1185 Paetus
1179 1174 1188 1189 ‚

779 1189 940 1221 Tappulus.
960 1190 1000 1217 Hi
1020 1192 1080 1217 duo
1092 1197 1180 1223 quum
1190 1190 1286 1219 aediles
1297 1190 1360 1223 ple-

776 1221 819 1257 bis
829 1220 927 1249 essent,
939 1228 1074 1251 praetores
1084 1223 1172 1250 creati
1182 1222 1260 1249 sunt.
1278 1222 1363 1248 con-

778 1252 823 1279 iul
840 1253 966 1280 comitiis
976 1262 1024 1286 per
1030 1254 1111 1281 fectis
1122 1271 1131 1283 ‚
1151 1256 1189 1282 ad
1199 1255 1359 1281 exercitum

778 1285 809 1310 in
821 1285 971 1311 Etruriam
983 1286 1082 1313 rediit.
1103 1288 1255 1314 sacerdote
1265 1293 1299 1313 eo
1308 1292 1361 1312 an-

778 1323 817 1352 no
830 1318 945 1352 ,morali
962 1333 971 1347 ,
996 1323 1082 1350 atque
1101 1319 1132 1345 in
1152 1320 1248 1346 locum
1256 1324 1373 1345 corum-

774 1349 904 1377 lufiectb
925 1350 975 1375 Ti.
987 1351 1129 1378 Veturius
1149 1351 1235 1377 Philo
1252 1350 1358 1377 flamen

750 1402 754 1418 ι
776 1381 920 1408 Martialis
936 1388 944 1413 ;
963 1383 994 1409 in
1008 1382 1103 1409 locum
1115 1384 1158 1409 M.
1170 1382 1287 1410 AEmilii
1298 1384 1358 1409 Re-

750 1424 754 1457 ἱ
772 1413 858 1445 gilli,
881 1414 932 1445 qui
951 1415 1048 1445 priore
1058 1421 1136 1441 anno
1145 1420 1279 1441 mortuns
1287 1420 1359 1446 erat.

773 1450 885 1471 creatus
915 1446 1160 1479 inauguratuloue
1179 1455 1186 1473 ε
1208 1446 1237 1474 St
1257 1447 1288 1472 in
1310 1447 1358 1473 M.

749 1468 753 1510 Ι
773 1477 927 1508 Pomponii
957 1479 1107 1505 Mathonis
1126 1480 1242 1512 auguris
1259 1478 1289 1505 St
1309 1478 1360 1505 de-

749 1513 753 1530 ι
771 1510 888 1535 cemviri
898 1509 993 1535 locum
1003 1511 1240 1539 creati,decemvir
1249 1511 1282 1536 M
1287 1512 1360 1536 .Au·

776 1541 866 1567 relius
878 1542 965 1567 cotta
977 1556 985 1569 ‚
1008 1548 1101 1574 augur
1111 1544 1160 1569 Ti.
1174 1542 1360 1575 sempronius

775 1573 920 1599 Gracchus
927 1573 1081 1601 admodum
1090 1574 1264 1604 adolescens;
1275 1573 1356 1606 quod

777 1609 848 1631 tunc
866 1612 1012 1638 perrarum
1033 1607 1064 1633 in
1085 1607 1254 1633 mandandis
1264 1605 1358 1632 sacer-

774 1637 864 1663 dotiis
880 1642 951 1663 crat.
968 1638 1121 1671 quadrigae
1131 1645 1222 1665 aureae
1233 1644 1269 1664 eo
1277 1643 1357 1665 anno

750 1688 754 1709 ⁸
771 1668 1359 1730 {afflugit}&ff‘ff'isfdssssss'vifissuciss‘

859 1717 867 1730 2
916 1718 922 1725 .
1033 1719 1041 1730 3
1149 1721 1155 1727 .
1344 1715 1359 1723 ⁸

750 1718 754 1751 Ῑ
773 1733 864 1759 mino.
884 1734 924 1759 Et
944 1734 1008 1761 ludi
1031 1736 1156 1761 Romani
1176 1735 1296 1761 biduum
1312 1735 1358 1760 in-

771 1764 899 1791 staurati.
919 1766 992 1792 Item
1003 1772 1053 1797 per
1064 1767 1183 1793 biduum
1195 1766 1288 1799 plebei
1299 1780 1308 1794 ‚
1320 1766 1354 1791 ab

772 1796 901 1823 :edilibus
912 1797 1047 1828 P.AE1io‚
1064 1799 1094 1823 P.
1107 1799 1219 1825 vmio:
1235 1799 1264 1827 δε
1273 1797 1357 1832 Jovls

769 1829 889 1861 epulum
897 1829 966 1860 fuit,
977 1830 1115 1859 ludorum
1126 1830 1225 1860 caussa.

1224 1126 1363 1153 uintilius

1232 1177 1238 1183 .
1250 1159 1362 1186 Villius

1180 2256 1342 2296 Erx-
