1414 2655
420 85 452 119 L
481 92 644 119 rnen
689 83 900 118 xxxix.

52 134 114 157 non
124 130 204 157 ultra
211 129 354 163 attingere
365 134 499 161 externa,
507 130 564 158 nili
575 134 632 162 qua

53 162 197 189 Romanis
206 162 348 189 cohaerent
358 162 452 188 rebus.

87 195 158 225 Cap.
178 196 203 220 X
213 194 261 220 LI
271 195 307 220 X.
325 195 455 221 Eventus
463 192 632 220 memorabi-

49 223 89 251 lis
106 226 163 254 est,
186 226 266 256 quod
278 233 365 260 quum
387 226 464 253 bello
474 226 634 260 superiores

50 256 141 284 essent
152 258 250 285 Acbaei
269 273 278 287 ‚
310 258 509 291 Philopoemen
527 263 634 289 prator

51 296 152 315 eorum
188 290 302 323 capitur
323 291 359 317 ad
381 289 634 323 proeoccut‘andam

51 321 192 348 Coronen
210 321 374 354 profectus,
392 329 477 354 quam
486 323 579 348 hostes
589 328 635 358 pe-

52 353 172 380 tebant:
193 353 224 379 in
242 354 317 380 valle
335 354 434 386 iniqua
454 361 517 381 cum
526 355 635 388 equiti-

53 384 107 410 bus
126 385 385 418 paucisoppreffus.
404 386 502 418 Ipsum
512 385 634 417 potuisse

52 415 180 448 effligere
187 417 329 444 Thracum
341 419 575 449 Cretensiumque
585 424 635 443 au-

51 448 128 474 xilio
139 449 271 475 tradunt.
289 449 337 475 sed
355 450 449 479 pudor
466 450 634 480 relinquen-

52 479 84 506 di
105 481 234 512 equites,
255 481 443 507 nobiliflimos
464 482 559 513 gentis
572 497 579 509 ‚
598 481 633 506 ab

55 510 66 537 i
88 510 119 536 so
145 518 238 543 nuper
257 513 364 540 lestos,
394 515 500 540 renuit.
529 513 635 545 quibus

81 549 127 568 um
146 543 240 570 locum
263 544 299 570 ad
318 545 476 572 evadendas
493 544 636 580 angustias

57 575 187 606 cogendo
209 574 268 605 ipse
287 581 386 608 agmen
407 577 533 610 praeber,
553 576 636 603 iusti-

56 612 128 641 nens
146 607 268 637 impetus
288 608 434 639 hostium3
457 608 589 641 prolapso
608 615 638 633 e-

77 644 116 664 uo
128 654 137 666 ,
157 638 187 665 8(
198 637 249 664 suo
260 638 319 670 ipse
328 639 410 669 casu,
430 640 459 667 St
472 645 559 666 onere
568 640 635 672 equi

71 675 140 699 uper
149 676 214 695 eum
224 671 335 697 ruentis
346 687 354 699 ‚
366 672 444 698 haud
456 673 578 699 multum
587 672 637 698 ab·

52 700 115 727 fuit
125 702 196 738 quin
207 702 438 732 exanimatorum
456 703 638 736 septuaginta

55 739 149 759 annos
166 740 223 764 Jam
236 738 320 760 natus
329 751 336 763 ‚
355 735 383 762 &
395 736 515 761 diutino
525 736 635 763 morbo,

57 769 95 790 ex
107 770 167 796 quo
178 770 240 791 turn
250 766 374 798 primum
385 768 567 794 reficiebatur
577 784 584 796 2
595 775 605 792 ι
613 768 635 793 i-

58 796 140 822 ribus
167 796 321 823 admodum
347 800 516 825 attenuatis.
543 800 636 829 jacen·

57 832 116 854 tem
139 828 234 854 hostes
249 827 390 861 superfuii
415 830 632 863 oppresserunt:

55 859 262 892 cognitumque
280 861 404 892 primum
425 861 440 887 'a
466 863 634 890 verecundia

56 891 254 923 memoriaque
272 893 441 919 meritorum
462 895 537 921 haud
555 895 635 921 secus

57 929 143 954 quarn
163 924 263 950 ducem
286 923 369 951 suum
388 926 547 955 attollunt,
567 926 634 951 reli-

55 954 196 986 ciuntque
207 972 214 985 ‚
234 956 265 982 Sc
276 962 312 982 ex
328 956 402 983 valle
418 958 500 984 devia
520 959 549 984 in
560 959 634 984 viam

52 992 173 1020 portant
189 993 196 1018 3
217 988 507 1021 vixiibimetipiiprae
519 990 634 1020 necopi-

58 1024 129 1045 nato
138 1018 247 1051 gaudio
256 1021 417 1047 credentes:
436 1028 500 1053 pars
511 1023 634 1048 nuncios

54 1048 209 1077 Meni-’nem
222 1053 402 1084 praemittunt
412 1053 583 1080 debellatum
594 1054 636 1080 cs-

50 1081 92 1110 se.
118 1082 364 1115 Philopoemenem
383 1090 499 1114 captum
519 1086 633 1112 adduci.

55 1114 184 1140 Primum
196 1114 269 1140 adeo
279 1115 461 1142 incredibilis
470 1116 527 1143 visa
536 1124 588 1145 res,
601 1124 633 1144 ut

54 1152 116 1172 non
127 1152 180 1177 pro
199 1153 272 1172 vano
282 1148 368 1173 modo
381 1163 390 1176 ‚
408 1147 454 1175 sed
466 1150 515 1175 vix
530 1156 582 1181 pro
594 1149 634 1175 1:2-

54 1183 96 1203 no
115 1178 408 1205 nunciusaudirerur.
426 1180 532 1207 deinde
543 1186 575 1206 ut
588 1180 635 1207 su-

52 1215 103 1243 per
112 1209 202 1236 alium
214 1210 290 1236 alius
299 1210 372 1236 idem
382 1218 480 1237 omnes
489 1212 633 1238 affirman-

54 1243 98 1268 tes
108 1241 274 1269 veniebant,
287 1242 401 1268 tandem
413 1242 486 1269 fasta
501 1244 572 1269 fides
584 1251 592 1273 ς
604 1245 634 1272 8(

52 1271 220 1305 priusquam
241 1274 474 1306 appropinquare
493 1277 556 1302 urbi
569 1275 636 1302 satis

53 1301 162 1331 scirent
172 1322 180 1333 ‚
197 1305 233 1331 ad
243 1305 433 1335 spectaculum
444 1313 542 1333 omnes
549 1307 633 1334 fimul

54 1337 142 1363 liberi
152 1343 184 1363 ac
194 1336 275 1364 servi,
287 1339 368 1370 pueri
379 1345 497 1370 quoque
505 1346 569 1365 cum
582 1340 636 1365 foe-

53 1369 143 1394 minis
151 1368 352 1396 effunduntur.
369 1370 467 1402 itaque
475 1371 637 1398 clauserant

54 1405 168 1432 portam
182 1401 277 1427 >turb-'e
288 1417 296 1427 ,
315 1401 385 1427 dum
402 1409 455 1434 pro
463 1403 491 1427 se
503 1401 635 1434 quisque,

55 1431 111 1458 nifi
134 1430 193 1465 ipse
211 1433 304 1459 oculis
320 1433 377 1460 suis
386 1434 564 1462 credidiffet,
586 1435 634 1460 vix

53 1469 110 1497 pro
129 1470 275 1496 comperta
287 1470 395 1491 tantam
414 1471 472 1491 rem
484 1466 635 1492 habiturus

53 1495 215 1523 videretur.
241 1495 332 1529 AEgre
356 1495 564 1524 summoventes
583 1498 633 1524 ob-

54 1529 120 1555 vios
132 1528 240 1554 intrare
251 1534 361 1558 portam
374 1545 382 1555 ‚
394 1529 442 1559 qui
455 1530 637 1557 adducebant

53 1559 320 1591 Philopoemenem.
350 1565 529 1591 potuerunt,
549 1566 636 1592 atque

54 1592 142 1617 turba
153 1590 286 1618 conferta
304 1591 360 1617 iter
377 1592 521 1624 reliquum
531 1592 638 1619 clause-

55 1627 113 1648 rat.
142 1622 171 1649 St
189 1629 253 1649 cum
298 1629 343 1649 ars
360 1624 482 1650 maxima
492 1626 604 1651 exclusa
622 1624 637 1651 ὲ

54 1653 218 1686 spestaculo
240 1661 255 1679 e
277 1659 324 1682 et,
344 1655 487 1683 theatrum
497 1663 614 1689 repente
627 1673 636 1686 ,

58 1685 141 1718 quod
159 1686 211 1712 vine
227 1686 424 1719 propinquum
453 1693 514 1714 erat
528 1705 536 1714 .
558 1696 636 1715 com·

54 1717 225 1751 fleverunt,
244 1717 273 1744 Sc
301 1723 333 1744 ut
351 1725 387 1745 eo
408 1719 438 1746 in
456 1719 637 1752 conspestum

54 1749 159 1782 populi
170 1749 362 1776 adduceretur
370 1767 378 1779 ‚
391 1757 449 1777 una
461 1759 529 1778 voce
539 1759 638 1779 omnes

53 1780 258 1812 exposcebant.
284 1782 469 1815 Magistratus
485 1783 513 1810 8<
528 1784 636 1815 princi-

52 1819 123 1846 pes,
142 1813 227 1840 veriti
249 1819 285 1840 ne
301 1820 386 1846 quem
408 1820 515 1841 metum
526 1815 637 1842 miseri-

52 1845 156 1872 cordia
174 1844 321 1877 praesentis
341 1847 416 1873 tanti
435 1847 489 1874 viri
509 1847 635 1875 faceret.

53 1883 146 1910 quum
164 1877 238 1904 alios
254 1879 425 1906 verecundia
442 1879 568 1909 pristinae
580 1886 637 1905 ma·

52 1908 167 1942 jestatis
192 1909 301 1936 collata
323 1910 456 1942 praesenti
490 1911 635 1941 formum,

53 1940 129 1967 alios
145 1940 308 1967 recordatio
333 1942 496 1974 ingentium
518 1944 636 1969 merito-

54 1977 121 1998 rum
134 1976 249 1999 motura
257 1971 325 2000 esset
335 1990 343 2001 ‚
366 1975 463 2006 procul
474 1975 504 2001 in
517 1974 636 2007 conspe-

55 2004 106 2030 eeu
125 2010 190 2030 eum
205 2004 380 2032 statuerunt.
405 2007 513 2033 deinde
533 2009 635 2039 raptim

57 2040 95 2061 ex
121 2035 214 2063 oculis
240 2036 391 2063 hominum
415 2038 635 2067 abstraxerunt,

54 2066 184 2097 Przetore
195 2068 356 2095 Dinocrate
368 2069 482 2096 dicente
492 2088 500 2099 ,
511 2070 562 2096 esse
573 2079 635 2102 quae

54 2099 236 2159 fieartinentia
245 2101 281 2126 ad
290 2099 426 2127 summam
436 2102 502 2128 belli
516 2109 636 2134 percun-

102 2131 127 2156 ri
145 2138 210 2159 cum
229 2133 407 2164 magistratus
426 2133 546 2161 veilent.
564 2136 637 2162 Inde

53 2162 182 2192 abducto
191 2169 227 2189 eo
247 2165 278 2190 in
289 2165 396 2191 curiam
409 2181 416 2193 .
436 2165 636 2194 &senatuvo-

53 2199 124 2223 ‚caro
135 2210 144 2224 ‚
164 2193 324 2223 consultari
336 2202 474 2227 coeptum.

87 2226 161 2258 Cap.
179 2227 217 2253 1..
242 2228 306 2260 Jam
331 2227 588 2260 invesperascebat,
605 2231 635 2258 St

58 2262 122 2282 non
140 2259 230 2285 modo
248 2265 348 2286 caetera
360 2276 369 2288 ‚
386 2259 434 2287 scd
445 2268 481 2287 ne
492 2263 522 2288 in
536 2265 635 2294 proxi-

59 2293 132 2314 mam
150 2290 266 2319 quidem
285 2292 396 2318 nostem
417 2292 468 2319 ubi
486 2294 553 2321 iaris
571 2301 636 2322 tuto

57 2318 274 2351 custodiretur,
297 2324 498 2354 expediebant.
533 2328 636 2354 Obitu·

57 2357 181 2386 puerant
205 2353 250 2386 λὰ
263 2355 494 2391 magnitudinem
510 2359 636 2393 pristinae

680 130 744 159 ejus
761 130 889 156 fortunae
910 127 1104 161 virtutisque:
1123 129 1153 156 8<
1165 136 1260 161 neque

682 160 735 193 ipii
755 162 874 189 domurn
893 161 1020 193 recipere
1032 162 1257 189 custodiendum

680 193 840 222 audebant,
860 200 912 220 nec
928 194 1062 225 cuiquam
1087 195 1140 221 uni
1166 195 1261 221 custo-

678 225 756 251 diam
783 226 844 256 cjus
869 225 938 252 latis
960 225 1120 253 credebant.
1148 228 1262 252 Admo-

683 263 753 283 nent
763 258 869 284 deinde
878 258 1008 289 quidam,
1033 258 1085 285 esse
1095 256 1261 285 thesaurum

684 290 829 320 publicum
855 290 908 315 iub
925 296 1017 318 terra,
1034 289 1102 316 saxo
1120 291 1264 322 quadrato

683 320 805 353 septum.
833 328 868 347 eo
895 322 1004 348 vinetus
1023 322 1211 351 demittitur,
1227 321 1258 359 ὃς

680 352 779 380 saxum
791 354 891 385 ingens
900 370 908 382 ¹
928 360 986 386 qno
995 356 1128 385 operitur
1137 370 1146 381 ,
1158 354 1266 380 machi-

683 392 718 411 na
737 385 987 417 superimpofitum
1006 386 1056 412 est.
1075 387 1116 412 ita
1134 387 1200 412 loco
1212 392 1264 418 po-

681 417 740 443 tius
759 425 844 449 quam
864 417 975 444 homini
994 418 1126 450 cuiquam
1147 419 1266 454 creden·

682 449 746 474 darn
758 450 917 476 custodiam
928 451 983 476 rati
993 466 1000 478 ‚
1012 450 1101 476 lucem
1113 451 1266 482 iniequen-

684 486 740 506 tcm
751 480 996 512 exspestaverunt.
1008 483 1124 508 Postero
1133 482 1179 508 die
1190 482 1264 508 mul-

684 513 784 540 titudo
803 514 920 546 quidem
932 514 1044 545 integra
1055 531 1062 541 ,
1083 521 1191 540 memor
1204 514 1263 545 pri·

685 546 825 571 itinerum
843 545 904 575 ejus
924 545 954 571 in
975 546 1119 573 civitatem
1141 547 1263 572 merito-

684 583 757 604 rum,
769 577 938 608 parcendum
946 593 954 605 ‚
965 584 996 603 ac
1005 584 1054 610 per
1063 585 1126 605 eum
1136 578 1264 604 remedia

683 610 838 639 quaerenda
854 608 907 634 effe
917 609 1097 639 praesentium
1109 611 1263 640 malorum,

684 641 814 667 censebat
826 650 831 666 :
845 640 1017 667 defectionis
1028 642 1156 669 austeres
1167 659 1174 672 ‚
1187 649 1262 673 quo-

685 680 748 699 rum
767 673 799 698 in
810 679 896 698 manu
909 673 1064 703 respublica
1075 681 1136 701 erat
1149 689 1157 700 2
1179 674 1207 700 in
1220 673 1262 700 se·

684 710 764 731 creto
782 704 978 732 conlultantes
1000 712 1097 732 omnes
1116 707 1150 732 ad
1161 712 1259 732 necem

687 737 749 767 ejus
766 736 1005 772 consentiebant:
1027 736 1074 764 sed
1094 744 1192 764 utrum
1203 745 1262 763 ma·

685 774 817 795 tutarent
829 785 837 797 ‚
856 775 893 794 an
911 769 1080 799 diflert-ent,
1101 770 1264 802 ambigeba.
1281 772 1287 778 ·

684 805 745 827 tur.
764 801 846 826 Vicit
864 806 927 831 pars
942 802 1055 827 avidior
1067 808 1178 833 poenam
1198 801 1264 828 mis·

682 832 786 864 susque
797 833 847 864 qui
869 838 1007 859 venenum
1017 833 1116 860 ferret.
1135 837 1263 865 Accepto

683 866 789 897 poculo
809 864 884 890 nihil
898 864 986 900 ‘aliud
1007 866 1133 892 locutum
1144 865 1245 892 ferunt
1257 882 1266 896 ‚

682 904 768 928 quam
787 895 912 927 quaesisie
930 898 950 922 ii
962 897 1113 924 incolumis
1124 899 1265 929 Lycortas

683 931 720 961 (is
730 929 803 954 alter
815 929 969 958 imperator
981 930 1150 956 Achaeorum
1160 932 1266 961 eratle-

681 959 832 992 quitel‘que
843 960 1006 987 evaiissent?
1027 962 1210 993 Posteaquam
1222 962 1268 988 di·

685 993 760 1018 stum
771 993 818 1020 eli,
830 992 989 1018 incolumes
998 993 1047 1020 effe
1060 1000 1067 1024 ς
1079 994 1157 1019 Bene
1166 994 1263 1023 habet,

684 1024 801 1056 inquit,
822 1024 850 1050 3<
872 1025 976 1055 poculo
996 1026 1138 1058 impavide
1157 1026 1265 1052 exhau-

683 1057 727 1082 sto
738 1072 746 1084 ‚
768 1056 843 1081 haud
863 1056 903 1082 ita
923 1057 1015 1083 multo
1025 1058 1084 1093 poli
1094 1056 1262 1090 exspiravit.

686 1089 748 1114 Nec
759 1088 931 1114 diuturnum
942 1090 1044 1116 mortis
1052 1096 1114 1120 ejus
1124 1090 1262 1120 gaudium

684 1120 852 1146 austoribus
878 1120 1058 1147 crudelitatis
1082 1121 1152 1147 fnit.
1188 1121 1263 1147 vista

684 1157 807 1183 namque
819 1151 942 1178 Messene
963 1153 1036 1179 bello
1046 1152 1266 1184 exposcentibus

685 1184 796 1210 Achaeis
807 1184 911 1210 noxios
923 1185 1036 1212 dedidit
1048 1201 1056 1212 ‚
1075 1185 1131 1212 offi
1153 1191 1187 1212 ue
1199 1185 1265 1211 red-

685 1216 747 1242 dita
759 1215 844 1240 Philo
867 1215 1125 1245 ‹emerus-sunu&
1146 1218 1264 1251 epultus

683 1248 718 1274 ab
737 1247 840 1273 univer
854 1253 871 1272 o
892 1248 1018 1274 Achaico
1036 1250 1172 1276 concilio.
1190 1249 1264 1276 adeo

686 1278 820 1305 omnibus
838 1280 966 1305 humanis
985 1280 1122 1312 congestis
1141 1281 1265 1309 honori-

685 1311 736 1336 bus
746 1327 753 1339 ,
776 1316 808 1336 ut
821 1316 857 1335 ne
866 1310 975 1336 divinis
986 1313 1101 1342 quidem
1111 1314 1266 1340 abstinere-

688 1348 748 1368 tur.
770 1343 816 1377 Ab
827 1340 1014 1374 scriptoribus
1034 1351 1129 1371 rerum
1156 1345 1265 1372 Graecis

685 1374 858 1409 Latinisque
878 1378 991 1410 tantum
1012 1375 1078 1402 huic
1087 1376 1151 1402 viro
1161 1377 1267 1403 tribui·

684 1413 733 1432 tur
746 1422 753 1434 ‚
774 1411 807 1431 ut
827 1412 842 1430 a
853 1405 1020 1436 quibusdam
1031 1414 1129 1433 eorum
1138 1408 1218 1434 velut
1226 1408 1262 1435 ad

685 1437 825 1468 iniiqnem
834 1441 934 1463 notam
944 1438 1031 1468 hujus
1038 1441 1108 1466 anni
1121 1441 1265 1467 memoria

685 1469 851 1496 mandatum
867 1468 904 1494 fit
915 1485 923 1498 ‚
945 1473 1002 1495 tres
1009 1471 1265 1504 clarosimperato-

687 1507 732 1527 res
749 1508 784 1527 eo
802 1500 1026 1538 annqdeceflisse
1037 1502 1264 1541 ‚Philopoeme-

687 1539 772 1560 nem‚
805 1530 978 1558 Annibalem
999 1549 1006 1561 ‚
1033 1534 1066 1559 P.
1089 1535 1263 1566 scipionem.

686 1565 758 1590 adeo
778 1563 808 1589 in
828 1570 911 1594 aequo
921 1571 982 1590 cum
992 1564 1114 1592 duarum
1124 1568 1268 1598 potentis·

686 1597 819 1621 limarum
838 1596 969 1625 gentium
987 1596 1268 1631 summisimpetato-

687 1627 766 1654 ribus
787 1625 957 1658 posuerunt.

718 1660 787 1690 Cap.
806 1659 866 1684 LI.
895 1660 942 1685 Ad
962 1659 1086 1688 Prusiam
1112 1668 1207 1695 regem
1228 1663 1279 1691 lo»

686 1690 965 1723 gatus‚T.Q1intius
976 1692 1158 1720 Flamininus
1171 1697 1262 1726 venit,

686 1729 769 1754 quem
789 1720 949 1754 suspestnm
969 1725 1128 1754 Romanis.
1146 1726 1176 1754 St
1188 1733 1265 1754 rece·

707 1760 755 1781 tus
774 1755 836 1784 post
858 1754 956 1785 fugam
968 1757 1107 1784 Antiochi
1120 1759 1262 1789 Annibal,

686 1762 715 1814 ἕ(
739 1785 845 1813 bellum
869 1787 1002 1814 adversus
1023 1789 1180 1816 Eumenem
1202 1798 1265 1818 mo-

685 1823 765 1846 tum.
781 1817 911 1845 faciebat.
938 1819 997 1849 ibi,
1016 1819 1065 1847 seu
1095 1822 1142 1848 uia
1161 1820 1177 1848 a
1198 1823 1269 1850 Fla·

685 1850 800 1876 mlnino
809 1851 886 1876 inter
894 1857 994 1878 caetera
1002 1852 1093 1884 objec.
1119 1861 1145 1879 m
1160 1854 1269 1883 Prusiae

684 1887 746 1908 erat
759 1889 767 1911 ς
779 1882 925 1918 hominem
934 1885 1062 1911 omnium
1073 1887 1125 1917 qui
1135 1886 1266 1914 viverent

686 1913 898 1941 infestiflimum
919 1916 1029 1947 populo
1041 1917 1174 1944 Romano
1184 1920 1272 1950 apud>

686 1952 752 1972 eum
778 1945 849 1974 esse,
868 1947 918 1977 qui
928 1949 1035 1984 *natrice
1051 1947 1108 1975 suae
1126 1950 1276 1982 primum,.

686 1977 794 2004 deinde
803 1977 902 2005 fratirs
909 1985 972 2009 ejus
981 1980 1082 2010 opibus
1093 1997 1102 2010 ,
1113 1982 1272 2009 Antiocho*

688 2010 749 2042 regi
773 2011 873 2037 auctor
891 2011 959 2037 belli
975 2013 1106 2039 adverius
1124 2021 1160 2046 po
1181 2014 1264 2042 ulum

690 2042 854 2069 Romanum
864 2042 960 2070 fuisset
970 2049 979 2074 ;
988 2043 1037 2072 sen
1046 2045 1115 2077 quia
1123 2047 1152 2076 ip
1167 2052 1183 2072 e
1192 2046 1271 2073 Pru·

688 2074 740 2100 ssas
753 2090 762 2103 ‚
778 2081 812 2102 ut
833 2075 1046 2111 gratificaretur
1055 2075 1188 2110 praesenti
1196 2078 1275 2105 Fla-fl

688 2106 803 2132 minino
816 2107 1015 2140 Romanisque
1024 2125 1032 2137 ,
1046 2115 1095 2140 per
1104 2108 1132 2135 se
1140 2110 1271 2137 necandi·

684 2142 737 2164 aut
758 2139 892 2166 tradendi
911 2139 972 2175 ejus
980 2141 1010 2166 in
1019 2140 1185 2171 potestatem
1195 2147 1268 2168 con-

686 2170 781 2196 mium
793 2171 868 2203 cepit
882 2177 889 2200 ς
911 2177 926 2196 a
940 2172 1034 2204 primo
1042 2173 1191 2205 colloquio
1199 2173 1270 2200 Fia-

688 2202 792 2233 minini
807 2202 932 2229 ‚milites
942 2205 1088 2235 extemplo
1097 2205 1264 2233 ad’domurn
1295 2229 1298 2232 .

688 2234 844 2260 Annibalis
869 2234 1084 2262 custodiendam
1101 2236 1266 2265 missisunt.

687 2267 802 2297 Semper
821 2266 906 2292 talem
926 2269 1036 2294 exitum
1052 2269 1117 2295 vitae
1135 2268 1191 2294 suae
1201 2272 1268 2296 An·

689 2298 766 2324 nibal
785 2297 968 2331 prospexerat
977 2303 1098 2331 anim0;
1114 2300 1144 2327 St
1157 2302 1265 2328 Roma-

688 2336 793 2355 norurn
813 2330 988 2362 inexpiabile
1005 2332 1105 2358 odium
1124 2332 1155 2359 in
1167 2332 1268 2360 secer·

687 2367 759 2392 nens
769 2378 778 2396 ‚
787 2361 816 2394 δι
827 2362 1004 2426 ᾶᾱεὲτεκὲηι
1012 2363 1088 2393 nihil
1097 2362 1164 2396 sane
1171 2365 1274 2426 coffi*
