1414 2655
449 92 840 133 Epi-rome.

45 138 174 166 dotetur,
183 141 234 169 per
244 135 404 164 carbonem
416 138 628 177 factionemque

16 195 18 198 ,
44 177 108 201 ejus
121 188 130 199 ,
150 170 197 197 cui
219 169 326 196 bellum
345 169 497 198 videbatur
513 174 626 204 utilius,

46 209 86 228 ne
113 201 300 231 conveniret,
319 201 448 228 effestuvn
476 204 526 229 est.
545 205 624 230 Idem

48 234 166 263 Carbo,
192 239 282 264 quum
305 233 340 258 ab
357 234 493 261 omnibus
512 237 628 268 oppidis

48 265 144 292 ltaliae
168 263 350 296 coloniisque
376 266 486 293 obfides
511 269 627 299 exigere

47 298 154 324 vellet,
176 301 210 322 ut
228 296 444 323 fidemillorurn
455 300 626 326 contrasul-

47 329 105 355 lam
116 326 256 361 obligaret
269 343 277 354 ,
289 328 427 355 consensu
437 328 551 357 senatus
561 338 626 368 pro,-

47 360 159 386 hibitus
179 359 230 386 est-
258 359 352 386 Novis
370 362 478 387 civibus
494 364 625 389 Senatui-

44 391 181 418 coniulto
198 390 365 423 suffragium
389 393 488 419 datum
507 393 557 420 est.
588 396 625 428 Q.

48 421 188 450 Metellus
205 422 293 451 Pius,
313 424 364 455 qui
384 430 477 456 partes
495 426 625 457 Optima-

46 455 122 482 tium
130 455 269 486 sequutus
277 460 354 481 erat,
378 463 467 486 quum
481 458 510 483 in
523 458 624 484 Africa

46 487 153 513 bellum
165 486 318 512 moliretur
327 503 335 515 ‚
346 485 361 513 ὲ
374 489 408 512 c.
419 488 511 514 Fabio
522 495 626 519 praeto-

46 525 80 544 re
89 517 187 551 pulsus
203 517 241 544 est
252 534 260 546 ‚
280 517 450 549 senatusque
459 521 623 548 consultum

45 557 99 582 per
116 549 270 576 factionem
287 551 443 578 Carbonis,
467 552 497 578 Sc
518 554 626 579 Maria-

45 588 150 609 narum
159 581 284 615 partium
294 581 400 608 fastum
411 583 450 609 est
461 599 470 611 ‚
481 588 518 609 ut-
526 591 626 610 ornnes

44 614 156 643 ubique
174 614 316 639 exercitus
326 614 555 641 dimitterentur.
574 618 626 642 Li-

46 645 155 671 bertini
168 645 198 671 in
208 645 339 676 quinque
358 646 388 672 &
399 647 520 675 triginta
533 649 626 674 tribus

45 676 195 704 distributi
217 675 294 702 sunt.
314 677 452 703 Praeterea
465 679 627 711 belliappa-

46 714 153 736 ratum,
162 708 242 740 quod
253 713 355 735 contra
365 709 472 736 Sullam
481 713 623 738 excitaba-

43 744 108 771 tur,
119 741 267 768 continet.

122 803 281 838 Linni
327 805 546 842 LXXXV.

6 879 9 882 -
45 861 152 904 S-Ulla
171 862 202 888 in
221 861 335 887 Italiam
355 869 420 888 cum
431 863 560 890 exercitu
571 867 629 890 tra·

66 893 149 925 -jecit
159 909 168 922 ‚
179 893 320 926 mis-iisque
329 894 431 924 legatis
440 896 490 926 qui
502 896 537 921 dc
558 903 626 927 pace

42 930 182 965 agerent,
207 925 237 952 St
253 926 268 950 a
290 925 409 952 consule
431 928 464 952 C.
485 928 627 965 Norbano

42 957 176 985 violatis.
197 957 323 983 eundem
344 958 515 984 Norbanum
528 960 628 988 praelio

42 990 127 1016 vicit.
147 989 186 1014 Et
205 995 295 1021 quum
313 989 349 1016 L.
358 989 629 1021 Scipionisalterius

41 1019 173 1048 consulis
184 1036 192 1048 ‚
212 1027 277 1056 cum
287 1026 346 1052 quo
357 1027 405 1053 per
415 1022 512 1047 omnia
522 1023 552 1048 id
565 1030 627 1053 eze-

41 1057 99 1079 rat.
111 1057 145 1078 ut
157 1057 253 1083 pacem
261 1057 407 1083 jungeret,
419 1059 470 1079 nec
481 1059 627 1090 potuerat,

43 1084 132 1111 castra
143 1088 363 1115 oppugnaturus
372 1084 437 1110 esset
448 1099 456 1112 2
476 1086 625 1112 univerlus

40 1115 188 1142 exercitus
204 1114 332 1141 consulis
341 1131 350 1143 ‚
375 1115 548 1152 sollicitatus
575 1124 625 1150 per

43 1146 156 1174 erniffixs
165 1147 180 1173 a
191 1147 386 1174 Sullamilitcs
395 1164 403 1177 ,
424 1149 503 1179 hana
514 1149 549 1175 ad
563 1151 626 1176 Sul-

40 1178 98 1205 lam
108 1178 267 1205 transtulit.
287 1179 382 1210 Scipio
393 1195 401 1207 ‚
420 1186 509 1212 quum
521 1181 624 1207 inreri-

41 1211 82 1237 mi
91 1209 192 1244 posset,
203 1209 329 1237 dimiffus
337 1211 376 1237 est
384 1228 390 1235 .
402 1211 625 1244 en.1·ompeins‚

41 1243 101 1268 cn.
120 1242 155 1267 F.
169 1242 232 1272 ejus
256 1242 307 1271 qui
339 1241 478 1269 Asculum
497 1250 620 1278 ceperat,

39 1272 208 1304 conscripto
227 1274 462 1300 voluntariorum
481 1278 622 1303 exercitu,

40 1312 108 1332 cum
127 1305 222 1332 tribus
232 1305 398 1337 leg10nibus
410 1307 444 1332 ad
457 1307 565 1333 sullam
577 1316 624 1334 ve-

43 1341 146 1363 nerat:
165 1338 200 1363 ad
224 1343 308 1369 quem
326 1336 355 1363 se
374 1338 511 1364 nobilitas
530 1343 628 1366 omnis

41 1368 211 1395 conferebat
223 1376 229 1393 :
242 1369 284 1395 ita
295 1373 328 1395 ut
337 1368 448 1396 deserta
457 1370 527 1396 urbe
535 1372 570 1398 ad
584 1379 628 1399 ca-

49 1400 107 1426 stra
126 1401 288 1426 veniretur.
306 1400 445 1428 Praeterea
464 1404 626 1432 expeditio·

46 1438 98 1459 nes
109 1438 158 1463 per
178 1431 338 1458 universam
351 1433 467 1459 Italiam
476 1434 626 1469 utriusque

42 1465 136 1496 partis
143 1464 249 1490 ducum
259 1463 439 1493 referuntur.

101 1527 262 1562 LtnRx
311 1529 557 1565 LXXXVI.

93 1587 177 1614 *Uum
198 1587 374 1618 c.Marius‚
394 1589 428 1614 C.
441 1590 528 1616 Marii
548 1590 628 1617 filius

99 1618 278 1646 consulante
288 1626 379 1646 annos
389 1621 494 1652 viginti
507 1629 556 1653 per
569 1624 625 1649 vim

42 1655 158 1677 creatus
175 1650 260 1680 effer,
287 1652 322 1676 C.
335 1652 439 1678 Fabius
457 1653 487 1678 in
508 1653 606 1681 Africa
619 1671 628 1683 ‚

43 1688 167 1713 propter
175 1683 375 1709 crudelitatem
384 1683 414 1710 8<
422 1684 581 1714 avaritiam.
595 1687 625 1712 in

66 1714 185 1740 raetotio
211 1714 264 1740 suo
283 1715 362 1742 vivus
380 1716 496 1742 exustus
514 1718 564 1744 est.
587 1719 626 1744 L.

42 1719 325 1778 {naitanus-legatus
351 1747 432 1774 Sulla
448 1748 606 1776 sardiniam
618 1766 626 1779 ‚

45 1775 104 1809 Qu.
119 1778 253 1804 Antonio
270 1783 392 1812 praetore
408 1779 491 1810 pulso
513 1780 628 1808 &occi-

41 1807 84 1838 so,
101 1810 265 1840 occupavit.
283 1810 362 1836 sulla
381 1817 446 1836 cum
457 1811 565 1838 Italicis
575 1820 625 1844 po-

41 1840 122 1872 pulis
131 1857 139 1869 ,
151 1847 188 1866 ne
199 1842 349 1868 timeretur
358 1843 395 1877 ab
402 1843 439 1878 iis
447 1859 457 1872 ,
477 1845 558 1870 velut
566 1851 625 1872 ere-

42 1876 151 1904 pturus
161 1872 306 1900 civitatem
318 1888 326 1902 ‚
338 1873 367 1900 Sc
376 1875 506 1912 suffragii
514 1879 561 1907 jus
572 1884 625 1903 nu-

43 1909 96 1935 per
115 1903 218 1939 datum
230 1919 238 1931 ‚
258 1904 354 1931 foedus
370 1907 515 1937 percussit.
536 1908 623 1934 idem-

43 1940 103 1964 oue
115 1950 123 1963 2
143 1940 180 1960 ex
199 1935 308 1962 inducia
319 1939 374 1966 lam
387 1944 469 1965 cert-⁷2
480 1939 605 1966 victoriae
616 1957 624 1970 ‚

40 1966 206 1998 litigatores
230 1965 245 1993 a
265 1968 370 2000 quibus
385 1970 537 2006 adibatur,
551 1973 628 1998 vadi-

45 1998 145 2024 monia
165 2000 284 2024 Romam
294 1999 520 2033 differ-rejanum
538 2010 625 2035 quum

43 2028 61 2055 ὲ
73 2034 154 2062 parte
163 2030 274 2057 diversa
286 2033 354 2057 urbs
362 2032 456 2060 adhuc
468 2038 627 2063 teneretur.

45 2062 82 2087 L.
94 2062 281 2093 Damasippus
292 2068 398 2093 praetor
409 2080 417 2092 ‚
429 2071 465 2091 ex
475 2067 626 2094 voluntate

44 2094 82 2118 c.
102 2094 188 2120 Marli
209 2093 338 2121 consulis
350 2110 359 2123 ‚
385 2103 474 2127 quum
497 2096 627 2126 senatum

42 2124 248 2152 contraxiflet.
267 2132 381 2152 omnem
393 2143 402 2157 ‚
443 2136 485 2155 uae
506 2130 538 2156 ln
557 2132 628 2157 urbe

44 2161 128 2185 erat,
147 2156 329 2184 nobilitatem
342 2160 420 2185 truci
444 2161 514 2187 avit.
533 2168 570 2188 ex
579 2171 626 2190 cu-

45 2186 94 2217 jus
104 2188 220 2219 quidem
237 2195 358 2215 numero
378 2191 415 2222 Q.
428 2193 544 2220 Mucius
559 2196 627 2221 Scae.

44 2219 112 2245 vola
131 2219 268 2251 pontifex
287 2222 426 2249 maximus
444 2223 575 2257 fugiens,
597 2228 626 2253 in

44 2250 188 2277 vestibulo
199 2251 268 2277 adis
276 2252 367 2279 Vestae
375 2254 483 2282 occisus
491 2258 541 2283 est.
555 2258 630 2284 l‘rae-

47 2285 126 2308 terea
144 2282 250 2309 bellurn
269 2282 284 2309 a
304 2284 484 2320 L.·Muraena
493 2289 627 2317 adversus

46 2313 253 2373 giniteltiridatem
261 2316 294 2345 in
305 2315 372 2344 Ana
383 2323 551 2349 renovatum
560 2328 629 2350 con·

965 133 968 136 .
1044 156 1045 159 Ἴ
1175 114 1259 150 77,’“

726 176 882 209 LtnR1
930 176 1199 214 LXXXVII.

670 237 690 273 S
707 232 776 268 ylla
793 234 827 258 C.
838 234 975 265 Marium,
987 238 1114 264 exercitu
1125 237 1189 268 ejus
1199 239 1245 266 su-

703 265 735 289 io
754 266 905 297 deletoque
925 268 960 293 ad
980 270 1194 301 Sacriportum,
1213 273 1245 299 in

668 296 783 327 oppido
812 298 950 324 Ptoenesse
961 317 968 326 ,
996 301 1119 328 obsedit.
1143 304 1244 330 urbem

670 329 790 353 Romam
813 335 848 355 ex
863 330 1049 358 inimicorum
1059 334 1193 360 manibus
1204 343 1260 362 re-.

662 359 748 391 cepit.
775 362 900 387 Marium
920 369 1068 395 erumpere
1086 372 1245 393 tentantem

667 392 786 423 repulit.
808 393 944 420 I‘rceterca
964 401 1007 421 res
1027 395 1152 428 &legatis
1163 399 1224 430 eius
1237 415 1246 428 ,

666 424 764 448 eadem
782 425 889 461 ubique
907 422 1027 454 fortuna
1037 430 1161 461 partium
1174 447 1182 460 ,
1198 437 1249 464 ge-

657 454 728 501 ‚stas‘
740 462 883 484 continet.

699 520 853 554 L1nR1
904 522 1206 559 LXXXVIII.

704 581 773 607 Una
784 582 942 617 Carbonem
955 602 960 614 ‚
970 588 1099 614 exercitu
1110 589 1171 620 ejus
1181 589 1248 617 fuso

699 614 736 638 ad
748 614 876 641 Clulium
890 633 897 645 ,
907 618 942 643 ad
954 619 1123 646 Faventiam
1135 622 1245 648 Fiden—

666 644 795 677 tiamque
812 647 883 674 caeso
895 665 902 676 ,
922 649 1007 675 Italia
1019 653 1152 681 expulit:
1177 661 1242 680 cum

667 677 843 704 Samnitibus
854 696 862 708 ,
879 681 930 711 qui
940 681 993 708 ioli
1003 684 1173 710 Italicorum
1187 692 1247 718 ‚po-

666 709 803 738 pulorum
822 712 954 738 nondum
973 720 1051 740 arma
1070 716 1223 746 posuerant
1235 735 1244 749 ‚
1267 737 1273 744 .

663 740 748 770 juxta
772 742 871 768 urbem
898 745 1017 771 Romam
1042 752 1110 773 ante
1131 755 1246 780 portam

666 772 813 799 Collinam
826 775 997 803 debellavit:
1021 785 1245 813 recuperataque

664 805 808 835 republica
821 822 828 834 ,
846 808 1067 838 pulcherrimam
1094 812 1244 840 victoriam

664 835 835 862 crudelitate
848 854 855 865 .
873 846 981 871 quanta
999 841 1026 866 in
1048 844 1133 869 nulio
1150 844 1245 870 homi·

667 873 736 893 num
754 875 879 900 uuquam
890 871 948 900 §uit
958 887 966 900 ‚
978 873 1152 905 inquinavit.
1172 877 1246 902 osto

668 899 762 926 millia
786 901 953 928 deditorum
979 905 1010 930 in
1036 906 1106 932 villa
1131 907 1248 938 publica

666 931 842 967 trucidavit.-
867 935 992 961 tabulam
1026 937 1251 971 proscriptionis

664 963 779 994 poluit:
802 964 900 991 urbem
919 973 951 993 ac
971 972 1060 994 totam
1070 970 1182 996 Italiam
1194 978 1248 998 cae-

665 994 749 1020 dibus
761 996 889 1026 replevit:
903 998 977 1025 inter
987 1005 1057 1031 quas
1065 1008 1165 1029 omnes
1172 1003 1245 1029 Prae-

666 1027 795 1052 uestinos
805 1029 926 1056 inermes
934 1032 1048 1058 concidi
1059 1032 1137 1060 iuuit
1149 1042 1155 1059 :
1178 1035 1246 1063 Ma-

664 1058 750 1086 rium,
763 1058 901 1086 senatorii
913 1063 1026 1090 ordinis
1036 1065 1139 1093 virum,
1149 1068 1245 1093 cruri—

663 1089 712 1115 bus
723 1090 900 1122 brachiisque
911 1093 1008 1122 fractis
1017 1112 1026 1124 ,
1046 1097 1164 1123 auribus
1175 1105 1246 1130 pne-

663 1120 746 1148 sectis
758 1137 766 1150 ‚
776 1123 804 1149 ὃ(
817 1123 920 1151 effoflis
928 1127 1019 1152 oculis
1029 1144 1037 1154 .
1059 1131 1183 1156 necavit.
1205 1132 1241 1156 C.

669 1154 780 1180 Marius
800 1155 936 1182 Praeneste
947 1157 1068 1185 obseffiis
1077 1159 1092 1185 a
1104 1161 1246 1189 Lucretio

668 1184 781 1215 Ofella,
803 1187 986 1215 Sullanarum
1013 1192 1140 1223 partium
1159 1194 1244 1225 viro,

664 1223 752 1247 quum
775 1223 823 1249 per
833 1221 999 1247 cuniculum
1009 1228 1136 1254 captaret
1145 1226 1248 1252 evade-

663 1254 694 1273 re
706 1264 714 1275 ,
729 1247 830 1285 ,septus
847 1252 881 1277 ab
889 1253 1018 1280 exercitu
1030 1270 1037 1282 ‚
1056 1261 1176 1282 mortem
1188 1257 1243 1285 libi

663 1281 812 1307 conicivir.
830 1283 861 1308 in
880 1284 943 1315 ipso
962 1285 1098 1313 cuniculo
1117 1303 1125 1315 ,
1151 1295 1243 1320 quum

661 1309 782 1338 sentiret
791 1311 819 1339 se
828 1317 947 1341 evadere
955 1317 1074 1344 minime
1083 1319 1167 1349 posse.
1178 1328 1245 1348 cuin

664 1343 773 1370 Pontio
785 1345 921 1373 Teleiino
935 1348 1009 1380 fugae
1019 1351 1133 1378 comite,
1145 1353 1245 1379 stricto

662 1375 810 1407 utrimque
834 1379 933 1410 gladio
957 1383 1129 1408 concurrit:
1160 1390 1246 1414 quem

664 1413 752 1444 quum
773 1409 933 1439 occidisset,
958 1411 1016 1443 ipse
1035 1413 1245 1449 saut-iusimpe-

665 1443 753 1465 travit
763 1439 779 1465 a
787 1440 879 1471 servo,
890 1448 924 1469 ut
935 1441 965 1469 se
973 1444 1126 1472 occideret.

735 1503 890 1540 LtuRt
937 1508 1186 1546 LXXXIX.

668 1567 714 1603 M
742 1566 852 1593 Brutus
868 1566 882 1593 ὲ
903 1567 1090 1599 (ἵπ.Ρειρίι-ἰο
1103 1571 1263 1602 Carbone,-

719 1594 728 1602 '
741 1599 791 1630 qui
805 1597 942 1624 cosuram
962 1602 1110 1632 appulerat
1123 1619 1130 1630 ‚
1149 1604 1248 1631 missus
1265 1604 1270 1608 “

668 1635 738 1655 nave
750 1628 900 1662 piscatoria
909 1631 1067 1664 Lilybaeum
1080 1650 1088 1660 .
1101 1639 1134 1660 ut
1145 1637 1248 1666 explo-

666 1665 743 1687 raret
759 1667 795 1686 an
816 1662 854 1688 ibi
877 1663 1029 1696 Pompeius
1047 1664 1114 1692 effit
1125 1681 1132 1694 ‚
1147 1667 1175 1693 8<
1188 1668 1246 1693 cir-

666 1698 836 1719 cumventus
857 1695 991 1723 navibus,
1011 1703 1082 1726 Quas
1093 1698 1261 1731 Pompeius⁴

666 1723 788 1752 miserat,
799 1725 830 1749 in
842 1724 869 1750 se
880 1733 1017 1754 mucrone
1029 1728 1154 1756 versoad
1166 1737 1248 1757 tran·

665 1756 752 1782 strum
763 1757 842 1782 navis
861 1759 987 1785 obnixus
997 1761 1126 1791 corporis
1134 1762 1245 1794 ponde·-

665 1794 696 1813 re
707 1803 715 1816 ,
732 1788 878 1814 occubuit.
902 1791 957 1815 Cn.
971 1791 1161 1823 l‘ompejusin
1176 1794 1247 1821 Sici-

665 1820 733 1845 liam
753 1826 816 1844 curn
838 1821 960 1852 imperio
981 1822 995 1847 a
1015 1821 1114 1850 senatu
1128 1825 1241 1855 missus,

666 1852 723 1876 cn.
735 1852 906 1880 Carbonem.
917 1854 968 1884 qui
979 1854 1054 1881 flens
1063 1857 1246 1883 muliebriter

665 1887 785 1908 mortem
798 1883 870 1910 tulit
882 1901 890 1911 ,
909 1891 1022 1917 captum
1033 1888 1149 1915 occidit.
1169 1889 1260 1915 sullav
1275 1893 1280 1896 ·

666 1913 790 1948 dictator
805 1914 894 1940 factus
907 1933 915 1943 ,
933 1919 1012 1948 quod
1024 1925 1107 1944 nemo
1118 1926 1246 1951 unquam

664 1945 769 1971 fecerat
781 1963 788 1974 ,
800 1953 864 1973 cum
875 1947 996 1975 fascibus
1005 1950 1249 1983 vigintiquatuor

664 1978 807 2007 proceflit.
823 1979 919 2005 Rebus
928 1982 1009 2006 novis
1018 1982 1183 2014 reipublicoe
1195 1984 1247 2010 sta-

667 2015 726 2035 tum
738 2011 922 2037 confirmavit
932 2028 939 2037 ,
961 2013 1145 2040 tribunorum
1157 2016 1251 2046 plebis

666 2041 832 2076 potestatem
852 2044 958 2070 minuit
968 2060 975 2069 .
998 2045 1027 2071 St
1040 2052 1132 2075 ‚omne
1149 2047 1195 2076 ius
1207 2048 1249 2073 le-

667 2079 733 2103 gum
759 2072 940 2100 ferendarum
968 2076 1085 2103 ademit.
1121 2078 1249 2105 Pontifi-

668 2111 743 2131 cum,
753 2111 953 2135 augurumque
964 2109 1115 2139 sollertium
1127 2111 1258 2141 amplia«

669 2136 722 2164 vit,
733 2142 766 2161 ur
776 2137 864 2163 eli'ent
873 2139 1040 2168 quindecim
1055 2140 1247 2170 3senatumex

668 2168 790 2198 equestri
811 2169 914 2194 ordine
933 2169 1092 2203 supplevit:
1124 2173 1250 2205 proscri-

669 2205 786 2231 ptorum
805 2200 905 2226 liberis
919 2202 964 2232 jus
985 2204 1176 2232 petendorum
1197 2206 1250 2232 ho-

670 2237 775 2256 norum
796 2232 906 2263 cripuit
917 2249 924 2259 ,
946 2234 974 2260 fc
986 2235 1059 2261 hona
1069 2242 1170 2262 eorum
1181 2244 1251 2263 ven-

669 2262 764 2287 didit:
790 2268 825 2287 ex
846 2265 951 2294 quibus
967 2267 1090 2294 plurima
1101 2269 1194 2299 primo
1205 2274 1250 2295 ra-

670 2294 745 2320 puit.
758 2294 900 2321 redastum
912 2297 949 2323 est
958 2298 1116 2325 sestertium
1129 2304 1174 2325 rer
1184 2301 1253 2327 mll-

671 2325 724 2351 lies
735 2341 742 2352 ,
763 2327 961 2362 quingenties.
979 2330 1016 2362 Q
1028 2331 1194 2358 Lucretium
1208 2334 1250 2358 Ο-

675 2355 784 2385 stellam,
797 2360 989 2389 comni-atum,
1001 2369 1103 2389 contra
1114 2365 1251 2390 volunta-

673 2391 732 2416 tem
740 2387 817 2418 suam
828 2405 836 2420 ‚
848 2395 942 2451 pekeie
950 2391 1059 2453 ἓιιίυπι,
1067 2395 1149 2427 justit
1158 2396 1256 2456 integi-¹
