1414 2655
144 112 215 149 594

141 153 261 181 aperta,
281 149 388 181 reecpit
407 156 415 173 τ
433 149 463 177 δε
481 149 591 182 cyme,
607 150 729 184 aliaeque

142 179 271 211 eiusdem
281 187 338 208 orae
348 181 432 208 urbes
442 197 450 210 ‚
462 182 498 208 ad
509 189 575 209 eum
586 189 664 211 metu
677 185 728 211 de·
753 207 761 209 ,

142 213 286 242 fecerunt,

176 247 248 278 Cap.
266 245 348 271 XII.
378 246 456 271 Dum
474 245 532 273 haee
552 246 583 272 in
605 245 727 274 AEolide

139 283 288 314 geruntur
298 293 306 306 ‚
321 277 538 309 Abydlls,qlium
549 285 599 310 per
608 279 725 310 aliquot

140 309 392 336 diesobiidionem
406 308 551 337 tolerasset
562 327 570 339 ‚
591 311 725 343 praesidio

140 342 223 373 regio
242 346 360 368 tutante
377 342 504 369 moenia.
524 342 582 373 jam
593 343 726 370 omnibus

138 372 219 408 fellis
228 388 237 400 ‚
257 374 373 399 Philota
383 379 501 406 quoque
511 373 646 404 praefesto
656 382 725 406 prae-

141 405 209 431 iiiiii
219 405 405 437 permittente
415 421 423 433 ‚
435 405 614 437 magistratus
623 413 724 434 eorum

140 443 209 463 cum
228 437 316 463 Livio
335 437 370 464 de
380 437 600 464 conditionibus
610 439 725 465 traden-

141 469 187 495 ‹1ae
208 469 290 495 urbis
305 469 439 500 agebant.
472 475 532 494 rern
553 470 726 499 diffluebat,

139 501 222 532 quod
233 506 331 529 utrum
341 500 454 528 armati,
465 508 500 527 an
511 501 634 528 lnermes
643 503 727 529 emit-

140 537 279 560 terentur
297 533 368 563 regii
380 548 388 560 ,
407 538 505 564 parum
523 534 725 561 conveniebat.

141 565 211 590 naec
235 564 391 596 agentibus
414 570 503 595 quum
530 565 727 593 intervenisset

144 596 272 622 nuncius
291 595 474 622 Rhodiorum
494 597 582 624 cladis
598 614 605 625 ‚
632 597 726 625 emissa

141 628 180 654 de
209 628 339 654 manibus
363 634 407 653 res
423 629 474 654 est.
501 634 630 656 metuens
647 631 726 656 enim

141 659 247 686 Livius
259 676 267 688 ‚
280 666 317 686 ne
327 658 446 685 succeffii
458 665 544 686 tantm
554 662 595 687 rei
607 662 729 688 inflatus

145 691 345 724 Polyxenidas
356 708 364 718 .
381 691 492 718 claffem
514 699 577 723 quae
586 694 621 719 ad
633 695 726 720 canas

140 727 204 748 erat
222 724 420 755 opprimerem
438 724 537 755 Abydi
557 725 727 753 obfidione‚

142 755 331 787 custodiaque
367 754 551 788 Hellesponti
579 758 725 788 extemplo

144 787 263 816 relicta,
280 793 382 814 naves,
402 794 464 820 quae
484 786 627 815 subdustae
639 790 726 815 canis

145 823 247 848 erant,
260 819 396 845 deduxit.
416 820 453 845 Et
466 820 607 846 Eumenes
618 821 723 847 Elaeam

146 851 239 877 venit.
262 851 364 877 Livius
374 851 453 877 omni
463 851 554 880 classe,
566 852 612 878 cui
622 853 727 883 adjun—

145 887 229 909 xerat
265 883 397 909 triremes
421 884 492 909 duas
522 884 723 916 Mitylenaeas,

143 914 293 940 Phocaeam
314 915 396 945 petit.
422 921 508 946 quam
526 922 613 946 quum
633 917 727 943 teneri

145 946 244 972 valido
262 947 344 977 regio
365 947 497 978 praelidio
517 948 655 977 audisset,
673 954 725 974 nec

142 978 246 1009 procul
266 978 470 1005 seleuclcastra
480 978 552 1010 csie;
571 979 728 1012 depopula-

143 1014 193 1035 tus
203 1010 375 1036 maritimam
385 1017 464 1036 oram
476 1027 483 1039 ‚
494 1010 524 1038 St
535 1013 627 1042 przeda
638 1013 727 1038 maxi-

146 1048 193 1067 me
211 1041 363 1068 hominum
384 1043 487 1073 raptim
497 1042 527 1067 in
538 1049 623 1069 naves
634 1044 725 1075 impo-

140 1073 197 1100 sita
208 1088 217 1102 2
237 1078 349 1100 tantum
361 1079 497 1101 moratus,
508 1075 576 1100 dum
589 1076 730 1101 Eumenes

146 1111 213 1131 curn
225 1105 307 1132 classe
315 1105 519 1136 assequeretur,
529 1108 639 1134 samum
652 1113 730 1138 pete-

145 1142 179 1162 re
198 1137 338 1164 intendit.
365 1138 491 1169 Rhodiis
510 1138 606 1171 primo
630 1140 730 1165 audita

143 1169 242 1194 clades
260 1169 344 1195 fimul
355 1175 485 1200 pavorem
497 1185 506 1198 ‚
525 1170 609 1197 fimul
620 1170 729 1197 luctum

143 1200 292 1229 ingentem
313 1201 393 1227 fecit.
411 1208 476 1227 nam
490 1207 592 1234 praeter
613 1203 730 1229 navium

146 1232 331 1264 militumque
349 1233 489 1263 jasturam
502 1249 510 1260 =
529 1235 608 1265 quod
629 1235 731 1264 floris,

147 1265 229 1296 quod
257 1265 371 1290 roboris
391 1266 420 1290 in
439 1265 593 1295 juventute
611 1266 710 1293 fuerat
722 1283 730 1295 ,

147 1295 322 1322 amiserant:
343 1298 444 1323 multis
464 1297 609 1323 nobilibus
626 1297 730 1325 secutis

148 1327 227 1365 inter
245 1334 345 1354 caetera
363 1329 562 1355 austeritatem
575 1330 729 1357 Pausistra-

145 1363 170 1386 ti
191 1375 199 1386 .
219 1367 282 1392 quae
303 1361 380 1386 inter
397 1360 464 1387 suos
483 1362 587 1387 merito
606 1363 729 1388 maxima

147 1397 220 1418 erat.
246 1392 352 1428 deinde
371 1393 450 1423 quod
473 1393 574 1418 fraude
587 1410 595 1421 ‚
613 1394 690 1423 quod
713 1392 728 1419 a

146 1424 209 1449 cive
232 1423 404 1454 potissimum
416 1425 468 1450 suo
479 1425 576 1450 forent
588 1440 596 1452 ‚
615 1426 644 1450 in
657 1427 727 1451 iram

147 1455 243 1481 iustus
262 1457 359 1482 vertit.
389 1458 493 1482 Decem
515 1457 663 1487 extemplo
682 1464 731 1482 na-

150 1493 197 1513 ves
207 1503 215 1515 ⁷
223 1487 251 1514 8(
262 1487 361 1514 diebus
371 1489 428 1518 poll
441 1489 546 1517 paucis,
556 1489 651 1514 decem
662 1489 732 1515 alias

145 1518 283 1551 praefesto
292 1520 422 1545 omnium
435 1520 565 1545 Eudamo
577 1519 727 1546 miserunt:

148 1557 234 1583 quem
254 1551 318 1577 aliis
337 1551 493 1578 virtutibus
511 1552 621 1578 bellicis
639 1552 728 1578 haud-

146 1589 293 1615 quaquam
306 1583 477 1610 l‘auiiiirato
486 1590 580 1615 parem
594 1589 602 1615 ;
621 1584 730 1610 cautio-

148 1621 227 1644 rem,
247 1622 307 1646 quo
318 1616 413 1642 minus
422 1615 512 1642 animi
526 1621 588 1641 erat
598 1632 606 1644 ‚
628 1616 728 1641 ducem

149 1646 284 1673 futurum
303 1647 468 1674 credebant.
496 1647 659 1673 Romani&
673 1648 729 1673 Eu-

148 1685 246 1705 menes
272 1685 321 1705 rex
348 1679 378 1705 in
408 1679 587 1711 Erythraeam
608 1679 731 1711 primum

147 1710 260 1738 classem
286 1712 514 1741 applicaverunt.
551 1711 589 1737 ibi
620 1711 730 1737 nostem

148 1749 237 1768 unam
256 1744 381 1772 morati,
398 1743 508 1776 postero
528 1743 576 1768 die
587 1744 730 1774 corycum

149 1775 290 1805 Teiorum
313 1776 547 1805 promontorium
560 1780 726 1801 tenuerunt.

149 1807 220 1833 inde
229 1813 318 1837 quum
330 1807 358 1832 in
373 1807 502 1839 proxima
513 1807 611 1832 samice
623 1807 730 1834 vellent

145 1840 299 1870 trajicere,
322 1846 382 1864 non
401 1838 562 1869 exspestato
573 1837 642 1864 solis
651 1844 731 1865 ortu.

147 1877 185 1897 ex
204 1877 263 1902 quo
285 1872 387 1898 statum
398 1872 463 1897 coeli
478 1876 580 1896 notare
590 1871 731 1902 guberna-

147 1907 227 1930 tores
255 1901 365 1934 possent
384 1920 393 1932 ,
410 1903 451 1929 'in
471 1903 609 1929 incertam
627 1907 731 1934 tempe-

148 1935 248 1961 statem
267 1935 418 1962 miserunt.
439 1935 541 1961 Medio
564 1936 594 1961 in
608 1934 691 1961 cursu
702 1942 730 1961 a·

149 1968 274 1999 quilone
312 1967 342 1992 in
369 1966 596 1997 septentrionem
623 1967 703 1993 verso
724 1983 731 1995 ‚

147 1999 320 2031 exasperato
337 1999 474 2026 fluetibus
484 1998 554 2025 mari
563 1998 662 2030 jactari
674 2005 729 2025 coe-

169 2037 267 2058 erunt.

146 2037 167 2064 p
184 2064 255 2094 cap.
274 2063 298 2088 X
310 2063 324 2088 1
338 2063 352 2089 1
364 2065 388 2089 1.
407 2062 601 2094 Polyxenidas
620 2063 731 2088 samum

148 2097 294 2127 petituros
307 2100 386 2121 ratus
396 2095 488 2122 hostes
499 2111 507 2122 ,
527 2099 560 2120 ut
570 2093 598 2119 se
611 2094 733 2120 Rhodiae

147 2127 226 2152 elassi
245 2127 457 2157 coniungerent
472 2133 480 2157 ς
497 2127 529 2151 ab
542 2127 564 2151 F,
589 2124 655 2152 heso
669 2133 732 2157 pru-

152 2157 244 2185 festus
254 2174 262 2185 2
274 2159 368 2188 primo
379 2159 413 2185 ad
426 2160 559 2189 Myonne
574 2165 620 2184 um
632 2158 711 2184 stetit
726 2167 731 2182 :

149 2191 221 2216 inde
239 2191 275 2216 ad
291 2190 405 2216 Macrin
425 2191 529 2222 (equam
544 2190 669 2219 vocant)
689 2190 733 2215 in-

148 2220 240 2247 sulam
268 2222 383 2252 trajecit
402 2229 409 2249 ,-
441 2228 473 2249 ut
503 2222 736 2253 praetervehentis

146 2253 240 2280 elaflis
251 2269 258 2282 2
280 2253 302 2280 fi
323 2259 393 2285 quas
401 2254 565 2280 aberrantes
577 2260 612 2279 ex
623 2253 735 2284 agmine

150 2291 236 2311 naves
255 2285 343 2316 posset
356 2302 364 2314 ‚
380 2291 430 2312 ant
451 2286 623 2317 postremum
633 2291 733 2316 agmen

151 2322 316 2346 opportune
339 2318 513 2344 adoriretur.
551 2317 735 2349 Posteaquam

156 2347 277 2377 spartam
289 2349 452 2381 tempestate
462 2349 571 2376 claffern
583 2349 655 2376 vidit
665 2366 672 2377 ,
689 2356 736 2374 oc-

153 2380 296 2410 cafiouem
315 2383 411 2415 primo
427 2381 612 2417 aggrediendi
635 2385 714 2409 tatus
726 2397 733 2411 l

601 105 649 138 Τ.
696 105 894 138 Lrv·ii

773 148 861 177 paulo
880 144 942 182 post
961 144 1190 173 increbrestente
1198 148 1305 175 vento,
1324 144 1356 173 St

775 178 897 209 majores
916 183 975 208 Jam
994 179 1128 205 volvente
1147 177 1270 208 flua-us,
1287 178 1358 210 quia

773 211 923 240 pervenire
942 210 970 237 se
988 211 1025 237 ad
1034 217 1084 237 eos
1094 210 1210 237 videbat
1219 215 1278 237 non
1289 208 1356 243 pos-

772 241 810 269 se,
822 242 857 269 ad
867 242 942 268 AEtli
999 249 1026 268 m
1036 242 1160 269 insulam
1172 243 1304 274 trajecit:
1319 247 1354 270 ut

772 274 841 300 inde
862 274 956 306 poster
986 274 1044 301 'dle
1062 273 1350 306 samumexaltope-

771 311 866 332 tentes
887 312 971 333 naves
988 307 1203 345 aggrederetur.
1224 306 1351 333 Romani

770 343 835 370 pars
843 339 947 370 exigua
956 353 965 366 ‚
984 339 1084 369 primis
1098 337 1225 364 tenebris
1235 342 1351 373 portum

771 369 868 395 samiae
885 369 1028 396 desertum
1047 374 1207 397 tenuerunt
1227 377 1245 405 :¹
1260 368 1354 396 clanis

768 406 871 428 caetern
889 402 1001 428 noctem
1022 407 1115 428 totam
1123 402 1155 428 in
1166 401 1228 428 alto
1237 400 1352 432 jaima,

772 433 802 458 in
826 434 950 459 eundem
962 438 1076 466 portum
1087 433 1229 460 decurrit.
1256 433 1302 459 Ibl
1314 437 1351 458 ex

766 464 924 492 aerestibus
935 466 1065 497 cognito,
1077 465 1204 491 hostium
1214 470 1300 490 naves
1311 464 1349 490 ad

770 493 929 523 AEthalizim
948 499 1032 528 itare;
1044 496 1196 524 confilium
1207 496 1351 525 habitum,

769 533 869 555 utrum
896 529 1041 560 extemplo
1066 529 1254 555 decernerent
1276 544 1285 558 ‚
1311 532 1349 553 an

770 560 918 587 Rhodiam
935 560 1134 598 exspectarent
1144 559 1262 586 classem.
1280 558 1354 586 dila·

770 597 799 618 ta
818 599 849 617 re
867 594 931 623 (ita
951 598 1029 618 enirn
1040 592 1169 623 placuit)
1194 593 1354 623 Corycum,

769 624 848 650 unde
867 629 1005 651 venerant
1023 639 1032 653 ,
1049 623 1240 654 trajecerunt.
1267 622 1356 654 Poly-

769 656 889 682 xenidas
908 661 1027 687 quoque
1066 661 1135 681 uum
1145 654 1251 682 frustra
1261 652 1357 681 stetis·

767 685 810 713 set
821 703 829 714 .
849 685 992 719 Ephesum
1010 693 1040 713 re
1063 687 1109 713 iit.
1126 688 1204 713 Tum
1217 687 1358 712 Romana

771 725 855 745 naves
875 725 966 746 vacuo
973 719 1008 745 ab
1017 719 1145 745 hostibus
1155 718 1227 745 mari
1237 719 1350 744 Samum

770 751 961 781 trajecerunt.
980 750 1092 776 Eodem
1112 749 1140 777 Sc
1152 750 1268 777 Rhodia
1282 747 1354 776 clas-

772 783 808 808 sis
827 783 889 814 post
907 783 970 808 dies
991 787 1096 814 paucos
1115 783 1207 808 venit.
1223 788 1308 814 quam
1318 784 1354 807 ut

771 812 956 845 exspectatam
977 813 1030 840 esse
1048 818 1216 846 appareret,
1233 812 1358 846 profecti

771 846 917 878 extemplo
940 844 1011 872 sunt
1033 844 1225 876 Ephelum‚ut
1242 850 1293 871 aut
1306 844 1359 870 de·

771 883 924 904 cernerent
934 877 1030 903 navali
1039 876 1206 905 certamine,
1215 882 1265 902 aut
1276 877 1297 902 li
1307 876 1357 902 de-

773 910 906 935 trectaret
926 908 1017 935 hostis
1037 914 1160 940 pugnam
1180 908 1281 940 <quod
1292 908 1358 940 plu-

772 941 875 967 rimum
902 941 1044 967 intererat
1068 939 1104 966 ad
1119 939 1230 966 animos
1254 940 1356 966 civita-

773 973 854 1004 tum)
873 972 989 998 timoris
998 970 1202 998 confessionem
1215 977 1249 996 ex
1271 972 1356 998 rime-

772 1009 849 1031 rent.
866 1005 978 1030 Contra
997 1003 1094 1030 fauces
1103 1007 1204 1034 portus
1215 1003 1245 1028 in
1274 1003 1353 1029 ructa

773 1036 803 1062 in
823 1036 954 1062 frontem
966 1035 1082 1061 navium
1092 1034 1152 1060 acie
1162 1034 1263 1061 stetere
1273 1051 1282 1063 ‚
1300 1041 1351 1067 po-

772 1069 915 1100 steaquam
942 1074 1025 1094 nemo
1043 1064 1174 1092 adversus
1195 1066 1254 1093 ibat
1272 1065 1355 1092 classe

773 1100 865 1126 divisa
875 1115 884 1128 ,
904 1104 968 1132 pars
978 1099 1008 1125 in
1021 1097 1081 1126 salo
1090 1097 1126 1124 ad
1137 1098 1242 1124 ostium
1253 1103 1355 1131 portus

775 1132 805 1157 in
817 1131 952 1158 anchoris
962 1131 1041 1157 sterit
1053 1138 1059 1155 :
1071 1136 1136 1162 pars
1144 1129 1176 1165 in
1187 1134 1293 1167 terram
1302 1129 1356 1156 mi-

772 1164 839 1189 lites
857 1162 1002 1195 exposuit.
1022 1163 1057 1188 In
1076 1167 1125 1187 eos
1141 1167 1198 1192 jam
1208 1166 1358 1193 ingentem

774 1196 898 1226 praedam
918 1194 976 1221 late
995 1193 1174 1226 depopulato
1195 1199 1265 1225 agro
1273 1197 1359 1223 agen-

774 1232 828 1253 teS.
842 1227 1030 1253 Andronicus
1039 1224 1172 1253 Macedo,
1182 1225 1276 1262 qui-in
1286 1231 1358 1255 prae·

774 1258 850 1285 lidio
871 1258 973 1287 Ephesi
985 1262 1066 1287 erat,
1086 1257 1145 1287 Jam
1154 1256 1299 1282 moenibus
1309 1262 1361 1286 ap-

775 1291 1004 1322 propinquantes
1012 1288 1197 1319 eruptionem
1206 1287 1279 1314 fecit
1290 1303 1298 1316 ‚
1309 1293 1360 1313 ex·

776 1321 900 1353 utosquc
912 1327 1011 1354 magna
1023 1325 1103 1351 parte
1115 1319 1222 1350 praedae,
1231 1320 1268 1346 ad
1279 1325 1356 1357 mare

776 1360 808 1380 ac
829 1359 913 1380 nares
931 1353 1054 1384 redegit.
1082 1352 1197 1386 I‘oilero
1218 1351 1265 1378 die
1287 1350 1358 1377 insi-

777 1386 835 1412 diis
856 1385 950 1411 medio
962 1384 1050 1410 ferme
1061 1384 1111 1409 viae
1122 1383 1222 1415 politis
1231 1399 1239 1410 ,
1258 1382 1293 1409 ad
1305 1382 1361 1408 eli-

775 1417 908 1443 ciendum
925 1421 1008 1442 extra
1029 1415 1136 1441 moenia
1158 1414 1358 1442 Macedonem,

777 1449 902 1475 Romani
922 1449 956 1474 ad
979 1447 1076 1473 urbem
1094 1447 1208 1478 agmine
1218 1447 1294 1474 iere,
1315 1446 1361 1471 in-

774 1481 810 1506 de
821 1497 830 1510 ,
852 1486 942 1511 quum
964 1486 996 1506 ea
1013 1477 1072 1509 ipsa
1081 1477 1205 1510 suspicio
1217 1494 1225 1507 ,
1245 1483 1281 1502 ne
1293 1477 1362 1509 quis

776 1512 869 1538 exii-er
880 1529 887 1541 ,
903 1508 1092 1538 deterruisset,
1104 1510 1252 1536 redierunt
1261 1509 1296 1535 ad
1308 1514 1360 1534 na-

776 1551 822 1570 ves
833 1552 840 1569 1
851 1543 880 1570 δε
892 1549 968 1569 terra
978 1543 1106 1574 marique
1115 1541 1293 1574 fugientibus
1301 1547 1362 1566 cer-

775 1582 869 1602 tamen
882 1575 1008 1601 hostibus
1018 1591 1027 1604 ,
1049 1576 1159 1600 Samum
1169 1589 1177 1602 ‚
1187 1573 1264 1599 unde
1275 1578 1359 1598 vene-

775 1614 837 1636 rat,
854 1607 944 1633 claffis
968 1606 1080 1640 repetit.
1099 1606 1166 1632 inde
1184 1603 1358 1642 duas-socio-

775 1647 837 1666 rum
847 1645 883 1664 ex
899 1639 995 1668 ltalia,
1005 1639 1074 1666 duas
1086 1638 1216 1665 Rhodias
1227 1641 1357 1662 triremes

774 1679 838 1698 cum
858 1671 995 1701 praefesto
1016 1670 1148 1703 Epicrare
1169 1668 1356 1696 Rhodiorum

776 1704 812 1729 ad
850 1703 958 1730 fretum
994 1702 1185 1736 cephalleniae
1213 1701 1354 1737 tuendum

776 1741 881 1765 praetor
903 1735 990 1761 misit.
1009 1733 1147 1760 infestum
1161 1733 1190 1759 id
1203 1732 1362 1759 latrocinio

774 1767 1012 1794 Licedaemonius
1027 1765 1175 1798 Hybristas
1185 1771 1248 1791 cum
1257 1765 1360 1795 Juven-

778 1806 840 1825 riite
871 1798 1076 1832 Cephallenum
1104 1797 1225 1834 faciebat
1246 1804 1253 1822 :
1281 1796 1360 1834 clau-

778 1831 840 1857 sum
856 1831 913 1862 jam
931 1836 1008 1857 mare
1028 1829 1231 1858 commeatibus
1250 1829 1361 1854 Italicis

781 1869 853 1889 erar.

812 1897 882 1927 cap.
911 1895 1011 1921 le.
1043 1892 1143 1920 Piraeei
1169 1892 1205 1918 L.
1232 1890 1360 1929 AEmilio

780 1927 898 1959 Regillo
916 1926 1078 1954 succedenti
1099 1926 1135 1952 ad
1154 1923 1253 1961 navale
1274 1929 1362 1959 impe-

780 1961 855 1985 rium
875 1960 1023 1990 Epicrates
1040 1957 1178 1985 occurrit.
1198 1963 1249 1988 qui
1261 1955 1362 1981 audita

780 1992 860 2018 clade
881 1992 1066 2018 Rhodiorum
1080 2006 1088 2019 ‚
1105 1995 1195 2022 quum
1214 1985 1271 2017 lpse
1290 1988 1361 2025 duas

780 2029 892 2050 trintum
904 2024 1126 2055 quinqueremes
1136 2021 1252 2046 haberet
1263 2025 1277 2057 ς,
1294 2019 1362 2050 Epi-

778 2062 881 2082 cratem
900 2062 965 2081 cum
986 2060 1111 2085 quatuor
1131 2051 1250 2078 navibus
1270 2057 1300 2076 in
1320 2054 1361 2076 A-

781 2089 846 2113 liam
858 2087 949 2114 semro
961 2087 1090 2120 reduxit,
1111 2083 1264 2117 prosecuta*
1274 2082 1361 2116 etlam

781 2125 884 2148 acerne
924 2118 1143 2145 Athenieniium
1172 2121 1256 2142 naves
1281 2117 1360 2140 lunt.

784 2151 875 2183 AEgeo
894 2152 965 2176 mari
986 2149 1110 2180 trajecit.
1132 2147 1239 2173 Eodem
1258 2147 1358 2172 Tima-

781 2184 893 2210 sicrates
907 2184 1040 2209 Rhodius
1049 2187 1112 2208 cum
1122 2180 1231 2206 duabus
1241 2177 1358 2209 quadri-

785 2216 906 2242 remibus
931 2214 966 2240 ab
985 2216 1066 2240 Samo
1085 2211 1170 2238 noste
1191 2208 1358 2248 intempesta

786 2248 864 2273 venit
883 2255 889 2272 ι
919 2245 1114 2277 deductusque
1131 2243 1166 2269 ad
1187 2241 1337 2269 Aemilium
1351 2254 1360 2268 2

785 2279 909 2312 praelid'ii
926 2278 1015 2304 cauffa
1034 2277 1063 2304 se
1081 2274 1190 2302 mimim
1201 2273 1262 2300 alt:
1280 2271 1360 2310 quod

786 2317 845 2338 eam
864 2317 943 2337 oram
965 2311 1050 2336 maris
1070 2307 1199 2334 infestam
1221 2308 1363 2331 onerariis

789 2345 870 2373 remae
886 2348 970 2368 naves
980 2338 1198 2367 excursionibus
1209 2337 1315 2363 crebris
1326 2335 1362 2360 ab

760 2421 764 2428 ,
786 2373 973 2408 Hellesponto
1000 2379 1087 2407 atque
1104 2371 1211 2404 Abydo
1226 2367 1363 2426 face-gfff}
