1414 2655
3 77 27 105 ί,

0 104 15 122 ν,
27 111 30 117 r

0 123 41 151 ium

0 148 181 207 ff'firess‘usmt
192 167 347 195 scriberent
356 167 409 200 lpfi
420 173 490 203 quas
501 167 609 194 velient

0 199 610 271 {eararaen‘ifflaztzaiaefflat.

24 286 29 292 .
54 265 144 295 opulo
161 266 306 291 Romano.
335 265 414 289 Fatae
425 263 500 295 leges
511 265 584 294 pacis
597 279 605 292 ,

13 298 22 308 ”
47 295 174 327 uss‘usque
183 297 220 323 ad
229 303 289 323 eam
299 295 535 324 confirmandam,
546 296 612 322 mit-

31 333 93 356 tere
103 329 211 359 legatos
223 329 354 354 Romam.

0 375 2 380 ·
45 384 47 387 ,
64 362 136 392 cap.
151 361 216 385 XX.
234 361 286 386 Per
295 360 370 386 idem
380 364 491 390 tempus
499 359 614 384 L.Cor-

31 392 126 419 neiius
152 393 296 418 Lentulus
314 390 483 424 proconsule
501 397 537 415 ex
559 391 611 416 Hi-

31 423 131 455 spania
158 424 256 450 rediit.
282 423 334 456 qui
354 430 442 454 quum
462 424 492 449 in
509 422 611 449 senatu

32 462 78 482 res
97 456 133 482 ab
150 454 180 482 se
202 462 251 487 per
270 455 376 481 multos
386 461 478 480 annos
488 454 610 481 fortiter

36 487 221 520 feliciterque
241 487 328 519 gestas
347 486 520 521 exposuisset
539 504 544 511 .
560 494 610 518 po-

31 519 213 551 stulaffetque
231 525 265 546 ut
283 519 471 550 triumphanti
493 518 546 544 nbi
566 519 610 544 in-

33 552 99 578 vehi
121 551 257 578 liceretin
269 552 387 581 urbem·‚
406 557 449 585 res
462 551 610 582 triumpho

34 583 136 615 dignas
163 582 216 610 effe
239 581 369 609 censebat
395 582 532 608 imatus:
561 581 609 618 sed

30 615 194 647 exemplum
212 613 228 641 ὲ
248 615 405 645 majoribus
416 621 475 640 non
486 614 609 646 accepit-

31 647 62 674 se
81 654 89 672 .·
109 653 143 673 ut
161 648 214 680 qui
236 653 329 680 neque
348 645 473 672 dictator
489 664 496 674 ,
514 652 608 680 neque

32 677 132 706 consui
144 694 152 707 .
171 685 262 711 neque
285 684 389 710 praetor
409 685 452 703 res
471 677 607 708 gessn‘set,

31 711 234 742 triumpharet.
264 708 438 736 Proconsule
456 709 538 744 illum
558 710 610 735 Hi-

33 742 161 774 spaniam
173 742 348 773 provinciam
362 757 368 770 ‚
380 747 437 777 nm
451 741 607 769 coniulem,

33 778 86 800 aut
96 779 244 804 praetorem
257 791 264 803 ‚
281 774 443 800 obtinuifle.
466 774 608 799 Decurre-

37 805 122 832 batur
133 811 227 833 tamen
239 812 274 832 eo
283 821 291 834 ‚
311 811 345 832 ut
355 811 442 831 ovans
453 806 551 831 urbem
563 806 609 831 in-

36 837 95 864 lret
113 844 122 869 ;
147 837 343 865 intercedente
369 838 418 864 Ti.
439 839 607 870 Sempronio

36 869 140 907 Longo
159 869 276 895 tribuno
293 869 382 905 plebis
399 885 407 897 ‚
437 870 489 900 qui
508 870 607 895 nihilo

37 906 127 932 magis
143 900 174 927 id
194 907 274 927 more
294 907 435 931 majorum
447 917 454 928 ,
473 906 524 926 aut
544 902 608 927 ullo

33 933 167 965 exemplo
178 949 186 961 .
203 932 334 958 futurum
353 933 471 959 diceret.
499 933 608 958 Postre-

32 970 82 990 mo
108 965 198 990 vietus
216 963 353 991 consensu
374 964 492 990 Parrum
512 965 607 991 tribn-

33 1002 90 1023 nus
113 996 190 1024 cessit
214 1005 221 1021 :
248 995 278 1023 8<
298 1002 334 1021 ex
355 995 606 1023 senatusconsulto

32 1027 70 1054 1..
86 1028 231 1054 Lentulus
257 1034 347 1053 ovans
375 1029 475 1054 urbem
504 1029 544 1054 est
563 1030 608 1055 in-

29 1060 146 1118 gress'us.
171 1060 294 1091 Argenti
305 1060 376 1085 tulit
386 1066 422 1086 ex
431 1061 525 1092 praeda
535 1067 604 1092 qua·

52 1092 164 1126 raginta
172 1098 298 1123 quatuor
309 1092 400 1117 millia
410 1093 520 1125 pondo:
541 1093 605 1119 auri

30 1123 92 1150 duo
111 1123 202 1150 millia
217 1124 437 1156 quadringenta.
465 1123 608 1150 militibus

30 1161 66 1182 ex
78 1156 170 1186 praeda
179 1160 295 1181 centum
306 1156 411 1188 viginti
419 1154 486 1181 afl'es
496 1157 605 1182 divim.

63 1188 176 1219 cap.·x
186 1188 211 1212 Χ
222 1188 246 1213 1.
260 1187 324 1218 Jam
343 1188 486 1214 exercitus
506 1187 610 1214 consu·

34 1217 105 1246 laris
122 1218 158 1245 ab
180 1219 296 1245 Arretio
317 1219 483 1245 Ariminum
505 1220 605 1246 tradu-

34 1250 96 1277 etus
113 1255 174 1277 erat
185 1266 194 1280 ‚
211 1250 241 1277 St
258 1251 390 1283 quinque
399 1251 489 1277 millia
498 1250 607 1278 socium

32 1281 133 1309 Latini
151 1282 278 1308 nominis
294 1289 330 1309 ex
351 1283 446 1310 Gallia
465 1285 495 1309 in
520 1284 607 1309 Etru-

33 1315 106 1340 riam
125 1314 308 1341 traniierant.
335 1315 433 1347 itaque
449 1316 485 1341 L.
498 1315 605 1342 Furius

32 1346 144 1378 magnis
153 1346 304 1373 itineribus
312 1348 348 1374 ab
359 1347 496 1373 Arimino
505 1348 539 1373 ad
545 1355 606 1373 ver-

33 1376 80 1404 sus
100 1378 200 1404 Gallos
217 1380 388 1406 Cremonam
398 1385 460 1404 rum
471 1379 605 1405 obiiden-

32 1413 75 1435 tes
94 1409 238 1441 profectus
249 1426 258 1438 ‚
276 1411 364 1437 castra
375 1411 455 1436 mille
463 1412 605 1443 quingen-

31 1445 127 1468 torum
150 1441 275 1473 pannum
296 1443 450 1469 intervallo
470 1443 504 1467 ab
524 1443 604 1468 hoste

30 1471 270 1509 posuit20ccas10
291 1475 405 1507 egregie
424 1474 464 1500 rei
476 1475 607 1506 gerendae

33 1504 93 1531 fuit
104 1520 112 1532 ι
129 1505 152 1531 ίι
172 1507 305 1538 protinus
314 1507 349 1532 de
360 1507 404 1531 via
411 1506 446 1532 ad
457 1507 543 1532 castra
553 1514 606 1537 op-

29 1537 183 1569 pugnanda
193 1537 325 1564 duxisset.
350 1538 439 1563 Palati
451 1538 546 1576 passim
556 1545 604 1564 va—

32 1569 604 1637 ssssffgugssiidiissiaffiffiii‘3123ss

28 1632 131 1658 timuit
141 1647 150 1659 -.
170 1632 248 1663 qued
267 1634 368 1665 raptim
380 1634 495 1659 ductum
505 1640 606 1665 agmen

32 1668 104 1689 erat.
121 1663 202 1690 Galli
220 1663 343 1690 clamore
362 1664 477 1691 fixorum
487 1672 522 1691 ex
532 1667 607 1697 agris

31 1695 158 1721 revocati
170 1712 178 1724 ‚
197 1695 294 1722 omissa
305 1696 397 1728 praeda
407 1712 416 1724 ‚
435 1704 498 1728 quae
507 1699 538 1724 in
549 1705 607 1723 ma-

34 1726 120 1752 nibus
129 1732 205 1755 erat.
227 1727 316 1753 castra
324 1729 498 1759 repetivere,
515 1729 607 1759 &po-

31 1758 108 1785 stero
118 1759 166 1784 die
177 1759 206 1784 in
217 1760 305 1785 aciem
317 1760 464 1791 progrefli.
484 1766 535 1786 nec
547 1762 608 1787 Ro-

30 1796 131 1816 manus
140 1797 245 1816 moram
258 1792 402 1821 pugnandi
413 1791 491 1818 fecit.
501 1792 550 1819 sed
561 1794 607 1818 vix

33 1821 156 1853 spatium
177 1822 336 1849 instruendi
357 1823 415 1850 fuit
433 1831 440 1848 .·
468 1831 502 1850 eo
521 1824 606 1851 curii:

33 1853 125 1880 hostes
135 1853 165 1879 ln
177 1855 311 1884 proelium
322 1860 473 1882 venerunt.
495 1857 606 1882 Dextra

33 1885 80 1912 aia
96 1886 107 1917 (
121 1886 149 1911 in
159 1885 216 1912 alas
225 1885 347 1912 divisum
358 1884 490 1913 socialem
500 1889 607 1914 exerci-

38 1921 101 1943 tum
116 1917 253 1947 habebat)
281 1919 310 1944 in
331 1919 422 1950 prima
437 1919 495 1945 acie
515 1920 609 1947 locata

41 1948 99 1974 est:
116 1948 146 1974 ln
158 1947 288 1975 sublidiis
298 1950 362 1976 duae
372 1951 508 1976 Romanae
519 1952 606 1984 legio-

43 1985 104 2006 nes,
121 1981 165 2006 Μ.
175 1981 281 2007 Furius
289 1982 396 2008 deXtrae
406 1983 456 2008 alae
465 1999 472 2010 .
484 1983 607 2014 legioni-

37 2010 93 2037 bus
109 2012 154 2038 M.
174 2013 305 2039 Caecilius
317 2030 325 2041 ‚
344 2015 487 2043 equitibus
503 2015 540 2040 L.
552 2016 610 2041 Va-

34 2042 122 2069 lerius
139 2044 257 2079 flaccus
281 2045 386 2077 (legati
405 2052 502 2072 omnes
511 2048 606 2078 erant)

35 2075 186 2109 praepoiiti.
212 2077 322 2103 Praetor
341 2076 432 2104 secum
447 2078 522 2104 dnos
537 2079 611 2110 lega-

0 2111 1 2114 *
36 2110 106 2136 tos,
132 2108 189 2133 cn.
212 2108 368 2134 Laetorium
389 2125 398 2137 2
415 2109 444 2135 Sc
463 2110 605 2136 1‘.Titin-

0 2129 4 2174 [
35 2136 117 2164 nium
135 2139 271 2168 iubebau
287 2147 350 2166 cum
370 2140 474 2172 quibus
489 2142 610 2167 circum-

37 2167 152 2198 spicere.
175 2170 204 2197 St
216 2171 297 2197 obire
313 2172 347 2197 ad
368 2179 466 2198 omnes
484 2173 606 2200 hostium

0 2193 5 2213 ¹
36 2199 147 2226 subitos
163 2208 280 2227 conarus
299 2203 396 2233 postet.
422 2204 520 2229 Primo
539 2206 610 2232 Gal-

0 2230 6 2238 '
36 2231 59 2257 ll
86 2232 164 2258 omni
192 2234 380 2260 multitudine
403 2235 434 2261 in
453 2242 542 2262 unum
564 2237 607 2262 lo-

0 2252 8 2278 ¹⁴
35 2269 100 2299 cun)
120 2263 241 2293 adnixi,
256 2265 375 2292 obruere
392 2273 478 2299 arque
498 2268 608 2293 obtere-

0 2290 9 2310 s'
74 2294 130 2320 iese
138 2297 267 2321 dextram
275 2297 359 2335 alam,
369 2305 430 2336 quae
440 2300 528 2330 prima
538 2306 610 2328 erat,

0 2355 12 2373 '¹‘
49 2328 414 2386 ἓέἓῖᾞῖπεὶἳὲῗηῖιὲἓιίτὲιὲ
423 2337 605 2389 ggfflfflffirg}

0 2387 13 2404 ⁰¹
69 2390 164 2423 ,pleffl
190 2391 313 2419 hostium
338 2393 425 2420 aciem
452 2394 553 2428 (quod
579 2395 610 2421 in

420 122 638 158 Linea
684 123 845 158 XXXI.

624 1336 628 1343 .
647 1317 686 1343 lia
703 1325 737 1343 eo
756 1318 862 1349 proeiio
881 1318 1047 1344 ceciderunt
1069 1325 1075 1342 ε

655 170 850 196 multitudine
876 168 1012 205 adversus
1028 175 1131 203 paucos
1150 137 1236 198 ἔπηξε

656 202 827 233 videbatur)
847 202 942 228 conati
965 203 1042 228 lunt.
1069 203 1102 228 ld
1125 201 1175 229 ubi
1195 204 1238 228 vi-

656 233 701 259 dit
713 240 828 264 praetor,
839 240 872 260 ut
881 232 981 264 &ipse
991 234 1125 260 dilataret
1135 235 1236 262 aciem,

658 265 729 291 duas
748 266 874 297 legiones
884 271 919 291 ex
930 265 1061 292 subiidiis
1072 266 1174 292 dextra
1186 267 1235 292 lte-

656 303 744 329 vaque
754 298 806 323 aiae
817 314 825 326 ,
842 297 944 328 quaein
958 298 1049 328 prima
1057 298 1117 323 acie
1127 304 1238 330 pugna-

657 327 705 354 bat
716 345 724 357 ,
740 330 898 356 circumdat
910 345 918 357 ,
936 329 1082 365 {eriemque
1092 331 1155 355 Deo
1165 330 1234 362 Jnvl

656 361 745 390 vovit,
756 361 777 387 ii
787 368 823 387 eo
833 361 879 386 die
889 360 980 387 hostes
991 360 1114 388 fudiflet.
1135 362 1170 387 L.
1178 363 1235 386 Va-

654 392 728 418 lerio
748 394 889 426 imperat,
907 398 941 420 ut
962 398 1042 424 parte
1055 393 1176 419 duarum
1189 394 1232 420 le-

654 425 772 457 gionum
807 424 919 457 equites
937 441 944 453 ‚
968 425 1057 450 altera
1091 425 1234 452 sociorum

654 457 814 488 equitatum
835 458 867 483 in
888 463 997 482 cornua
1017 456 1236 484 hostiumemit-

657 492 699 514 tat
710 506 716 517 ,
733 496 786 515 nec
804 489 1011 515 circumvenire
1028 495 1075 514 eos}
1085 489 1173 515 aciem
1184 496 1234 521 pa-

656 520 758 545 tiatur.
776 521 860 546 simul
870 520 898 546 8(
910 520 969 552 ipse
979 536 987 549 ,
1003 525 1036 546 ut
1045 526 1128 546 exren
1135 527 1232 547 natam

655 552 777 577 mediam
788 552 914 578 diduciis
924 552 1058 578 cornibus
1065 553 1151 578 aciem
1163 554 1234 579 Gal-

653 583 748 608 lorum
767 584 841 610 vidit
852 600 860 612 ‚
877 585 955 616 tigna
965 583 1074 610 inferre
1084 584 1235 611 confertos

655 615 763 641 milites
775 633 782 644 ,
799 616 828 642 St
847 622 1028 648 perrumpere
1047 617 1164 643 ordines
1183 617 1235 647 ju-

654 647 711 672 bet.
733 647 768 673 Et
783 654 892 673 cornua
902 648 936 672 ab
948 647 1094 678 equitibus
1104 664 1111 676 ,
1134 648 1162 674 S<
1174 656 1233 673 me-

652 679 694 704 dii
713 676 728 704 a
741 679 837 710 pedite
846 680 928 712 pulli.
945 685 1120 709 acrepente‚
1139 686 1230 711 quum

654 711 734 737 omni
755 717 834 742 parte
855 712 930 736 caede
948 711 1232 742 ingentisterneren-

655 747 704 768 tur
721 759 728 767 .
748 743 826 769 Galli
847 748 926 774 terga
946 749 1064 769 verttmt
1076 761 1084 771 ‚
1102 742 1226 774 fugaque

653 773 738 802 effusa
773 780 908 807 repetunt
944 774 1040 801 castra.
1084 774 1231 807 fugiente:

653 807 817 838 persecutus
836 812 922 839 eques
941 822 948 836 ‚
966 812 1034 833 mox
1052 806 1082 834 Sc
1100 807 1230 839 legiones

652 839 787 866 insecutae
824 840 854 866 in
879 839 965 866 castra
991 839 1130 871 impetum
1156 838 1231 866 sece-

653 877 732 898 runt‚
750 871 852 898 Minus
861 871 909 898 sex
920 872 1010 906 millia
1020 872 1171 898 hominum
1183 872 1230 897 in—

650 903 685 929 de
707 903 882 935 effugerunt.
909 904 978 929 caeia
995 903 1024 930 8<
1043 908 1123 934 capta
1143 903 1228 936 supra

651 935 783 967 quinque
809 935 838 962 8<
856 935 978 967 triginta
996 935 1088 961 millia
1108 942 1170 961 cum
1191 936 1229 961 fi-

648 968 714 998 gnis
723 967 895 994 militaribus
904 967 1050 1000 octoginta
1061 984 1068 993 ‚
1087 968 1232 1000 carpentis

650 999 780 1028 Gallicis,
792 1000 884 1025 multa
893 1000 986 1031 praeda
996 1000 1122 1025 oneratis
1137 1015 1145 1027 ‚
1163 1000 1229 1030 plus

653 1031 796 1058 ducentis.
831 1031 957 1057 Amilcar
988 1031 1048 1057 dux
1068 1031 1175 1058 Poenus
1194 1038 1230 1057 eo

652 1063 761 1093 proelio
782 1063 905 1091 cecidit,
925 1063 954 1089 &
974 1068 1031 1088 tres
1041 1063 1229 1093 imperatores

650 1094 764 1120 nobiles
771 1095 933 1121 Gallorum.
952 1094 1113 1121 Placentini
1123 1095 1230 1126 captivi

648 1126 684 1151 ad
711 1126 772 1152 duo
800 1127 892 1153 millia
915 1126 1074 1152 liberorum
1099 1127 1227 1160 capitum

648 1157 756 1184 redditi
767 1158 891 1185 colonis.

681 1190 752 1221 Cap.
770 1191 830 1214 XX
842 1191 854 1215 1
866 1191 890 1215 1.
918 1191 1024 1221 Magna
1042 1189 1162 1216 victoria
1180 1190 1229 1216 lae-

647 1226 733 1252 taque
745 1223 844 1247 Romae
856 1221 924 1248 fuit.
944 1222 1036 1248 literis
1045 1222 1150 1250 anatis.
1160 1221 1228 1255 sup-

647 1253 766 1286 plicatio
784 1255 814 1280 in
836 1255 966 1280 triduum
974 1254 1089 1280 decreta
1097 1254 1145 1280 est.
1164 1256 1228 1280 Ro-

648 1292 798 1311 manorum
816 1285 1018 1317 scelerumque
1035 1286 1071 1312 ad
1089 1286 1226 1344 du¹omili

1135 1324 1211 1344 urim

646 1349 756 1375 dexuae
775 1350 843 1377 alae,
862 1350 893 1375 in
915 1356 999 1381 quam
1011 1325 1227 1381 primopirr-:petu

649 1382 691 1407 vis
711 1382 810 1413 ingens
822 1381 1040 1407 hostiumiila:a
1050 1381 1099 1407 est.
1118 1382 1228 1414 Quam-

648 1419 731 1444 quam
761 1419 811 1444 per
829 1419 978 1444 ptaetorem
995 1419 1084 1444 prope
1103 1413 1229 1440 debella-

648 1449 711 1470 tnm
731 1450 791 1470 erat
803 1461 811 1472 ‚
829 1443 930 1471 consul
949 1451 1064 1477 quoque
1082 1445 1117 1468 C.
1130 1447 1227 1471 Aure-

647 1476 704 1502 lius
729 1475 859 1508 perfertis
879 1494 886 1505 .
914 1484 976 1506 quse
1002 1477 1101 1501 Romae
1117 1478 1228 1508 agenda

648 1507 766 1534 fuerant
778 1524 785 1536 .
803 1508 948 1541 profestus
970 1509 1001 1534 in
1020 1508 1164 1538 Galliam,
1182 1509 1226 1535 vi-

648 1541 754 1566 ctorem
779 1542 938 1566 exercitum
963 1538 979 1566 a
1005 1546 1126 1572 praetore
1150 1546 1228 1567 acce·

648 1572 703 1603 pit.
730 1572 839 1599 Consul
857 1573 931 1599 alter
949 1589 957 1601 ‚
974 1578 1062 1604 quum
1079 1577 1224 1598 autumno

649 1603 738 1629 ferme
759 1605 859 1630 exaeto
882 1604 912 1630 in
931 1604 1109 1635 provinciam
1129 1602 1223 1630 venis-

650 1635 691 1661 set
707 1653 714 1664 .
740 1636 815 1662 circa
834 1636 1022 1668 Apolloniam
1042 1636 1223 1663 hibernabat.

647 1667 683 1693 ab
708 1667 790 1695 ciaffe
805 1685 814 1697 ‚
840 1674 902 1700 quae
935 1669 1069 1700 Corcyrae
1086 1666 1225 1703 subducta

649 1705 711 1725 erat
744 1716 753 1728 ‚
784 1701 818 1725 C.
839 1700 980 1726 Claudius
1002 1715 1010 1728 ‚
1036 1700 1224 1731 triremeique

652 1733 788 1756 Romanae
817 1731 913 1763 (ficut
939 1736 1006 1757 ante
1029 1731 1137 1758 dictum
1164 1733 1227 1763 est)

650 1763 777 1797 Athenas
796 1764 893 1791 miss-e,
912 1770 1000 1795 quum
1016 1763 1150 1789 Piraeeum
1162 1770 1228 1795 per-

648 1795 787 1821 veniflent
798 1812 806 1823 ‚
823 1794 1066 1823 despondentibus
1085 1795 1140 1826 jam
1162 1796 1224 1821 ani-

648 1832 709 1851 mos
728 1826 814 1853 sociis
830 1844 838 1855 ‚
863 1828 938 1859 spem
959 1827 1104 1859 invenrem
1122 1828 1228 1854 attule-

648 1862 725 1884 rant.
753 1865 817 1884 nam
843 1859 873 1886 8<
902 1859 988 1885 terrei
1003 1864 1047 1883 res
1064 1859 1098 1883 ab
1117 1860 1226 1885 corin-

650 1890 704 1914 tho
715 1906 723 1918 ,
739 1896 802 1921 qute
818 1896 867 1921 per
884 1892 1030 1920 Megaram
1048 1890 1229 1917 incurliones

651 1921 682 1946 in
703 1927 787 1952 agros
813 1922 875 1948 fieri
906 1922 997 1948 ioiirae
1027 1927 1110 1948 erant
1127 1938 1135 1949 ‚
1162 1929 1225 1949 non

652 1953 761 1979 fiebant
781 1969 789 1982 ‚
816 1954 845 1981 8<
864 1954 1029 1985 praedonum
1051 1952 1064 1979 ἡ
1086 1954 1225 1980 Chalcide

652 1990 737 2011 naves
755 2001 763 2014 ‚
780 1992 843 2016 quae
863 1993 921 2012 non
942 1992 1019 2011 mare
1040 1984 1130 2012 sc-lum
1151 1986 1227 2011 infe-

651 2016 723 2042 stum
741 2033 750 2045 ‚
772 2016 821 2043 sed
842 2018 927 2043 etiam
949 2024 1047 2042 omnes
1064 2019 1226 2046 maritimos

650 2054 731 2080 agros
751 2049 973 2075 Athenienfibus
992 2049 1118 2075 fecerant
1139 2066 1146 2076 ,
1164 2056 1226 2074 non

653 2080 739 2105 modo
770 2081 891 2106 sunium
919 2082 1049 2113 superare
1069 2097 1076 2109 .
1103 2079 1151 2107 sed
1172 2088 1225 2108 nec

651 2117 733 2137 extra
752 2112 857 2139 fretum
878 2113 979 2144 Euripi
997 2113 1177 2138 committere
1195 2119 1227 2138 a·

652 2148 735 2173 petto
760 2145 832 2169 marl
859 2143 886 2170 se
914 2144 1065 2170 audebant.
1090 2145 1228 2177 superve-

654 2180 760 2201 nerunt
789 2175 833 2201 his
851 2181 908 2202 tres
931 2176 1054 2201 Rhodioe
1073 2176 1224 2204 quadrire-

655 2213 710 2232 mes
730 2222 738 2234 ‚
766 2206 795 2232 Sc
824 2213 905 2233 crant
923 2207 1027 2233 Atticae
1046 2212 1102 2232 tres
1120 2213 1226 2239 apertae

655 2243 737 2263 naves
765 2238 798 2263 ad
821 2240 946 2264 tuendos
966 2238 1123 2264 maritimos
1142 2246 1228 2269 amos

653 2275 830 2301 comparatae.
848 2272 907 2296 Hac
927 2270 1006 2296 claffe
1027 2271 1048 2295 ii
1069 2271 1137 2296 urbs
1152 2270 1230 2303 agri·

652 2306 708 2327 oue
737 2302 955 2327 Athenieniium
983 2301 1231 2331 defenderentur,

651 2331 718 2357 saris
738 2332 767 2357 in
788 2332 937 2364 pra-sentia
954 2333 1228 2360 existimanriclau-

652 2364 702 2389 dio
721 2364 793 2390 ene.
811 2365 930 2396 majoris
949 2366 1036 2391 etiam
1055 2366 1098 2392 rei
1110 2365 1229 2392 fortuna

647 2395 743 2422 oblata
752 2395 802 2422 est.

913 2428 937 2452 x
958 2434 973 2454 ι
1154 2431 1227 2462 Cap.
