1414 2655
0 247 26 295 i

9 331 17 359 ξ

9 390 13 410 l

408 91 628 126 Linea

27 152 29 160 ,
59 137 147 168 aput
167 139 271 165 rer-um¹
283 134 314 162 ln
324 134 406 163 omni
416 136 541 163 hostium
553 137 634 170 equi-

35 167 123 204 :statu
153 166 328 194 Masinifl'am
353 165 438 194 fuifl'e
468 167 553 195 sciret
573 185 582 197 ‚
605 168 636 195 Se

28 200 42 228 ,’
58 197 116 227 lpse
133 198 246 229 juvenis
261 200 280 226 s
294 199 401 226 ecimen
420 199 511 226 animi
531 207 588 233 prae
608 200 638 226 se

29 229 162 256 ·¹ferret.
180 231 253 257 Fide
283 236 331 258 ata
339 236 528 264 acceptaque,
542 231 640 263 profe-

29 267 40 274 *
61 260 123 288 stus
132 266 212 288 retro
224 264 415 289 Tarraconem
425 263 475 289 est.
495 263 640 298 Maliniffii

59 292 193 326 permiss'u
215 295 415 321 Romanorum
434 300 471 320 ne
481 294 541 320 line
551 295 640 322 caussa

57 324 196 356 traiecisse
216 326 248 351 in
265 327 464 353 continentem
473 327 639 357 videretur;

0 356 20 383 ἐι
59 356 218 414 &igmarus
244 357 393 390 proxiinos
408 364 490 390 agros
511 374 520 387 ‚
547 359 641 385 Gades

95 394 168 451 αἰξί.
188 421 211 445 x
223 421 248 445 x
259 421 283 446 x
294 421 320 446 v
329 422 354 447 1.
375 422 494 453 Magoni
512 421 642 455 despera-

61 450 100 477 tis
110 452 140 477 in
153 451 292 484 Hispania
301 453 424 482 rebus‚in
435 460 555 485 quarum
566 454 640 486 spem

60 481 170 509 seditio
180 485 301 515 primum
315 486 447 511 militaris
456 502 464 513 ‚
476 485 582 512 deinde
593 486 640 511 de-

60 514 151 541 festlo
168 515 304 542 Indibilis
321 518 431 543 animos
450 518 511 548 ejus
522 516 639 543 sustule-
664 522 666 527 ’

62 551 129 573 rant
139 564 146 575 ‚
170 548 282 578 paranti
299 547 430 578 trajicere
451 549 480 574 in
495 548 622 574 Africam
634 563 642 575 ‚

61 578 232 605 nunciatum
242 579 277 604 ab
287 580 505 613 Carthagineell
517 595 525 609 ‚
545 580 643 611 jubere

62 608 213 640 senatum,
233 616 266 636 ut
284 611 391 637 claflem
411 618 493 642 quam
513 612 643 638 Gadibus

61 641 198 669 haberet,
219 643 248 668 in
261 643 373 668 Italiam
386 643 531 671 trajiceret
546 652 551 668 :
574 651 642 669 con-

59 673 145 700 dusta
155 673 194 699 ibi
204 673 355 700 Gallorum
364 680 393 700 ac
403 676 543 707 Ligurum
554 681 645 706 quin-

64 709 94 732 ta
104 705 227 731 maxima
237 705 335 737 posset,
347 707 508 735 juventute,
519 708 643 736 conjun-

83 742 144 764 eret
168 736 198 764 se
229 738 370 764 Annibali
392 746 399 762 .-
427 745 482 764 neu
502 738 642 764 lenei'cere

85 768 172 795 ellum
183 769 308 794 maximo
317 770 425 801 impetu
435 787 443 800 ,
463 770 573 800 majore
582 770 642 796 for-

64 803 137 826 tuna
148 807 272 832 coeptum
283 801 397 827 sineret.
419 802 463 828 Ad
473 807 532 827 eam
544 808 603 828 rem
611 801 640 828 δε

64 828 80 856 ὲ
100 832 273 863 Carthagine
292 834 409 865 pecunia
429 833 642 865 Magoniadve-

66 861 111 888 sta
120 863 158 889 est
174 872 180 890 τ
198 864 226 890 8<
239 863 297 894 ipse
305 869 441 896 quantam
450 864 576 896 petuma
585 867 642 891 Ga-

62 894 170 921 ditanis
189 896 299 927 exegit.-
319 902 376 921 non
389 897 490 922 :erario
500 897 585 922 modo
596 904 644 923 eo-

63 932 148 955 rum,
168 926 215 953 scd
235 927 320 953 etiam
342 928 454 958 templis
472 927 641 960 spolians&

61 957 194 990 privatim
213 959 345 985 omnibus
365 960 469 986 coastis
485 966 587 986 aurum
599 966 645 985 ar-

66 993 243 1022 gentumque
267 990 298 1016 in
331 991 475 1023 publicum
497 991 640 1017 conferre.

65 1021 162 1053 Quum
187 1023 440 1052 praeterveheretur
453 1021 598 1055 Hispaniae
610 1030 642 1048 o-

65 1059 125 1079 ram
136 1068 144 1082 ‚
165 1053 242 1079 haud
263 1055 363 1084 procul
375 1055 549 1088 Carthagine
560 1056 642 1081 Nova

65 1084 202 1116 expositis
211 1085 241 1111 in
254 1089 358 1111 terram
368 1087 510 1112 militibus
521 1104 529 1116 ‚
543 1087 642 1118 proxi-

65 1121 128 1142 mos
146 1116 335 1148 depopulatus
354 1124 452 1150 agros,
472 1118 538 1144 inde
547 1118 582 1144 ad
593 1125 642 1144 ur-

69 1146 132 1173 bem
142 1147 248 1185 claffem
259 1149 379 1181 appulit.
399 1150 436 1175 ibi
451 1157 540 1185 quum
552 1151 644 1176 inter-

67 1178 120 1206 diu
131 1179 236 1206 milites
247 1180 278 1206 in
290 1181 407 1207 navibus
419 1181 550 1209 tenuisset
562 1199 569 1211 ‚
590 1189 642 1208 no-

69 1209 113 1236 ste
131 1210 163 1237 in
173 1212 255 1238 littus
264 1214 410 1244 expositos
417 1213 453 1240 ad
464 1219 570 1244 partem
582 1221 642 1239 eam

69 1242 143 1268 muri
155 1258 164 1272 ‚
182 1249 237 1276 qua
253 1250 332 1276 capta
344 1245 484 1277 Carthago
493 1246 526 1271 ab
538 1247 643 1280 Rorna-

67 1273 232 1305 nisfueran
252 1276 351 1302 ducit:
371 1284 422 1303 nec
433 1278 643 1308 praelidioiatis

66 1305 163 1332 valido
173 1307 268 1333 urbem
280 1308 369 1334 tenerl
382 1314 460 1334 ratus
470 1325 477 1337 ,
490 1309 519 1336 δε
530 1309 642 1339 aliquos

68 1343 88 1362 o
109 1337 275 1369 pidanorum
303 1341 339 1366 ad
358 1340 433 1372 spem
455 1341 580 1367 novandi
599 1347 642 1366 res

64 1344 178 1406 al'lquld
188 1375 328 1406 moturos.
346 1373 484 1398 Caeterum
499 1372 597 1398 nuncii
607 1379 643 1398 ex

65 1405 141 1431 agris
151 1402 274 1432 trepidi,
293 1403 377 1430 simul
389 1405 603 1435 populationem
614 1410 643 1430 a·

61 1431 197 1463 grestium
217 1440 254 1459 ue
263 1433 358 1466 fugam
369 1435 397 1461 8(
408 1436 527 1461 hostium
539 1436 642 1461 adven-

63 1467 127 1498 tum
136 1468 198 1491 attu
212 1471 311 1492 erant:
325 1467 353 1493 δε
366 1467 422 1492 vila
434 1467 564 1493 interdiu
574 1466 644 1493 clas-

65 1494 103 1520 iis
117 1501 194 1526 erat,
215 1503 266 1524 nec
283 1497 344 1524 fine
352 1498 441 1525 causta
451 1499 565 1524 electam
576 1506 610 1524 an
616 1504 644 1525 te

65 1526 165 1553 urbem
190 1527 340 1555 stationem
357 1531 518 1562 apparebat.
545 1531 642 1563 itaque

65 1557 197 1585 instrusti
207 1562 376 1592 armatique,
388 1562 464 1598 intra
473 1568 595 1596 portam,
607 1564 642 1589 ad

67 1589 196 1622 stagnum
204 1597 236 1618 ac
245 1598 320 1619 mare
329 1594 442 1623 veriam,
453 1594 642 1620 contineban-

65 1624 134 1659 (ιι-τ..
147 1623 205 1649 Ubi
224 1623 305 1650 effusi
322 1625 414 1651 hostes
426 1641 434 1654 ‚
454 1627 544 1651 mixta
563 1626 640 1651 inter

72 1653 179 1680 milites
195 1656 301 1682 navalis
321 1658 404 1682 turba
417 1670 425 1684 2
442 1658 475 1683 ad
488 1664 585 1683 muros
595 1664 643 1684 tu-

69 1684 165 1711 multu
175 1687 281 1716 majore
291 1693 374 1718 quam
385 1690 412 1714 vi
422 1687 578 1715 subierunt,
597 1696 642 1720 pa-

65 1714 170 1743 tefasta
188 1723 304 1750 repente
322 1725 403 1750 porta
414 1736 423 1748 ‚
445 1721 568 1746 Romani
579 1728 642 1747 cum

65 1747 190 1774 clamore
210 1756 382 1779 erumpunt:
401 1752 644 1783 turbaroiquelio-

65 1778 118 1805 stes
130 1795 138 1808 ‚
155 1780 184 1807 St
205 1781 238 1806 ad
260 1783 382 1813 primum
394 1783 537 1810 incursum
546 1785 639 1814 conje-

68 1811 202 1843 numque
221 1812 343 1840 telorum
364 1815 473 1840 aversos
484 1831 492 1844 ‚
509 1815 641 1846 usquead

65 1842 153 1870 littus
161 1850 225 1879 cum
237 1845 326 1871 multa
337 1846 411 1872 crede
422 1847 642 1879 persequuntur.

70 1880 122 1900 nec
141 1876 194 1901 nili
216 1881 299 1902 naves
314 1877 412 1904 littori
423 1878 544 1914 appulsae
556 1879 642 1910 trepi-

68 1905 122 1932 dos
128 1906 294 1938 accepissent
305 1925 312 1938 ‚
323 1908 474 1940 supcresser
485 1917 584 1944 pugna?
593 1915 642 1936 aut

65 1936 142 1968 fugae
161 1938 320 1971 quisquam.
339 1942 372 1966 1n
387 1941 453 1972 ipsis
463 1948 578 1974 quoque
588 1947 645 1968 tre·

67 1969 198 2006 pidarum
217 1971 337 1998 navibus
355 1974 393 1998 est
403 1989 411 2002 ‚
427 1973 496 1999 dum
506 1981 541 2000 ne
553 1974 646 2000 hostes

67 2007 133 2027 eum
143 2002 199 2028 luis
208 2001 291 2038 simul
303 2005 494 2035 irrumperent
505 2022 513 2033 ‚
525 2006 644 2032 trahunt

67 2031 154 2059 scalas
173 2035 310 2065 oratque,
327 2035 356 2062 8<
375 2036 516 2064 anchoras
529 2053 538 2065 ‚
556 2043 592 2062 ne
612 2037 642 2063 in

67 2064 218 2092 moliendo
243 2072 320 2092 mora
343 2066 410 2094 esset
439 2084 447 2095 2
473 2069 640 2100 praecidunt.

69 2096 213 2128 multique
230 2097 367 2125 adnantes
376 2100 495 2125 navibus
506 2116 514 2128 ‚
532 2101 642 2126 incerto

69 2132 127 2158 pra:
147 2129 271 2154 tenebris
292 2130 362 2161 quid
383 2136 432 2157 aut
453 2137 582 2163 peterent
591 2137 641 2157 aut

69 2157 211 2188 vitarent,
234 2159 310 2186 foede
320 2162 506 2190 interierunt.
526 2163 642 2189 Postero

51 2187 116 2215 'dle
133 2196 220 2222 quum
239 2191 327 2218 clallis
345 2193 413 2219 inde
425 2199 502 2221 retro
511 2195 547 2221 ad
557 2196 644 2220 ocea-

70 2225 150 2248 num,
160 2222 236 2248 unde
244 2229 369 2252 venerat,
379 2224 540 2256 fugiffenad
551 2226 643 2252 estin-

70 2252 151 2284 gentl
168 2253 297 2282 homines
309 2257 368 2282 cast
382 2257 458 2282 inter
468 2264 580 2283 murum
591 2259 638 2284 lit-

67 2283 189 2342 ffisqum
211 2284 239 2312 δε
255 2287 291 2313 ad
311 2287 370 2313 duo
388 2289 478 2315 millia
493 2295 638 2315 armorum

102 2321 195 2342 venta.

98 2347 169 2381 Gap.
178 2349 204 2374 x
213 2349 239 2375 x
248 2350 273 2377 x
284 2349 311 2379 V
321 2350 371 2378 11.
388 2350 474 2384 Mago
484 2358 573 2386 quum
582 2353 638 2383 Ga-

697 92 907 128 xxv111.
1184 101 1258 139 429

683 139 745 165 deis
755 139 905 170 reluctaret,
917 136 1048 166 exclusus
1057 138 1126 166 inde
1135 139 1171 168 ad
1182 140 1264 167 cim-

684 170 741 196 bim
760 171 771 201 (
784 171 860 197 haud
871 170 998 203 procula
1009 172 1135 198 Gadibus
1143 173 1168 198 is
1177 172 1261 199 loeus

681 202 779 234 abest)
796 202 902 229 classea
922 203 1018 235 pulsa,
1029 204 1265 239 mittendislega-

682 234 722 260 tis
741 249 750 262 ,
778 240 885 265 queren
910 242 984 267 oque
1004 237 1083 268 quod
1100 240 1190 267 pottoe
1208 234 1264 262 ubi

685 265 764 291 socio
772 272 859 298 atque
870 268 962 293 amico
972 267 1071 293 clausae
1083 266 1266 298 fotent‚pur-

704 297 821 323 antibus
839 298 874 324 iis
887 314 895 325 ‚
916 298 1113 325 multitudinis
1124 296 1266 325 concursu

714 328 790 355 etum
803 345 811 357 ,
829 329 937 355 infestae
958 330 996 356 ob
1011 331 1125 361 direpta
1134 331 1265 367 quzedam

663 363 666 381 ί
685 361 733 386 abs
753 360 1011 388 conscendentibus
1020 368 1104 388 naves
1112 361 1267 391 militibus,

663 391 666 427 ’ς
685 392 722 426 acl
741 392 920 424 colloquium
940 392 1057 419 suffetes
1077 399 1177 419 eorum
1189 409 1198 423 ‚
1213 394 1267 425 qui

685 423 810 450 summus
831 424 926 450 Poenis
934 425 972 451 est
983 425 1160 457 magistratus
1170 442 1180 454 ,
1199 431 1266 451 cum

687 456 826 487 quaestore
842 455 942 482 elicuit
963 472 970 484 ‚
989 456 1183 488 laceratosque
1203 462 1267 483 vet-

689 488 800 513 beribus
818 487 1088 523 cruciaffigijuflit:
1110 489 1179 514 inde
1188 487 1268 514 navi·

687 519 738 544 bus
757 521 792 546 ad
815 519 959 549 Pityusam
980 520 1101 545 intulam
1125 536 1134 548 ,
1149 525 1266 546 centum

689 551 780 576 millia
792 551 878 576 ferme
889 550 904 575 a
915 552 1078 577 continenti
1097 551 1194 582 (Poeni
1205 557 1268 577 tum

686 587 760 617 eam·
777 583 940 608 incolebant
961 584 970 613 )
997 583 1111 613 traiecit
1132 603 1136 607 .
1167 583 1268 615 itaque

665 623 667 627 ·
686 613 776 639 classis
788 616 860 639 bona
869 621 932 639 cum
943 620 1009 644 pace
1017 619 1127 645 accepta
1137 613 1176 640 est
1186 630 1194 643 ‚
1216 620 1269 642 nec

688 651 863 671 commeatus
889 646 976 671 modo
995 646 1117 677 benigne
1136 646 1268 676 prcelziti‚

686 676 735 703 sed
763 678 792 702 in
811 676 1037 708 supplementum
1057 677 1146 703 classis
1164 677 1269 707 juven-

688 712 734 734 tus
754 715 889 740 armaque
911 709 988 735 data.
1015 715 1138 741 quorum
1160 709 1267 736 fiducia

689 739 796 767 Poenus
814 741 845 765 in
864 741 994 766 Baleares
1012 741 1120 766 imulas
1146 741 1156 771 (
1176 742 1266 773 quin-

687 772 825 803 quaginta
844 771 911 797 inde
928 772 1018 797 millia
1028 771 1152 802 absunt)
1171 770 1270 807 trans-

688 803 776 829 misit.
794 805 865 829 Duae
881 802 950 829 sunt
961 803 1090 830 Baleares
1101 819 1109 831 ‚
1123 809 1214 834 major
1225 804 1266 830 al-

686 839 746 860 tera
768 840 856 867 arque
881 834 1050 867 opulentior
1076 835 1161 860 armis
1185 835 1269 863 viris-

686 872 761 897 que.-
779 867 809 893 Sc
830 872 945 898 portum
956 868 1058 894 habet,
1077 871 1109 893 ut
1119 867 1267 894 commode

686 897 904 925 hibernaturum
922 898 949 924 se
966 899 1017 929 (8(
1037 898 1093 928 jam
1105 903 1266 925 extremum

685 931 818 955 autumni
837 936 898 957 erat
917 931 927 961 )
963 931 1105 957 credebat.
1131 935 1266 956 caeterum

687 961 763 986 haud
790 961 868 988 secus
893 969 977 993 quam
1005 962 1027 988 ii
1057 962 1183 988 Romani
1203 968 1266 997 eam

686 992 808 1019 insulam
827 993 1007 1021 incolerent,
1026 993 1169 1019 hostiliter
1187 992 1264 1020 classl

689 1024 838 1051 occursum
860 1026 908 1051 est.
937 1025 1048 1050 Fundis
1071 1030 1190 1051 utnunc
1200 1025 1266 1056 plu-

687 1056 790 1082 rimum
805 1072 814 1084 ,
831 1057 871 1083 ita
892 1061 962 1083 tunc
981 1056 1045 1082 solo
1064 1063 1098 1082 eo
1122 1056 1178 1082 telo
1198 1061 1265 1082 ute-

689 1087 803 1114 bantur.
822 1095 873 1114 nec
890 1088 1040 1120 quisquam
1059 1088 1177 1115 alterius
1195 1093 1267 1119 gen-

685 1119 722 1145 tis
740 1126 815 1145 unus
834 1124 948 1146 tantum
965 1126 996 1145 ea
1015 1124 1076 1145 arte
1091 1134 1099 1146 ‚
1121 1125 1264 1152 quantum

686 1151 763 1176 inter
773 1152 846 1178 alios
857 1157 954 1177 omnes
965 1151 1094 1176 Baleares
1104 1151 1262 1178 excellunt.

682 1183 780 1215 itaque
803 1189 883 1209 tanta
901 1183 1078 1215 vislapidum
1089 1183 1267 1209 creberrima

683 1215 832 1246 grandinis
861 1216 948 1241 modo
968 1216 1007 1249 in*
1022 1215 1266 1246 propinquantem

686 1247 741 1277 iam
753 1252 833 1273 terrae
847 1247 954 1274 classem
963 1246 1050 1273 eflusa
1059 1246 1098 1272 est
1108 1263 1115 1275 ‚
1130 1251 1163 1272 ut
1172 1247 1266 1278 intra-

687 1284 718 1303 re
738 1285 852 1309 portum
872 1286 931 1305 non
951 1279 1010 1304 auli
1024 1295 1032 1306 ‚
1051 1280 1212 1304 averterent·
1231 1278 1265 1304 in

686 1311 779 1336 altum
802 1316 895 1336 naves.
922 1311 956 1336 In
979 1310 1118 1336 minorem
1130 1310 1197 1335 inde
1210 1310 1266 1336 Ba-

685 1341 804 1368 learium
814 1341 936 1368 insulam
947 1340 1262 1371 trajecerunt‚fertilem

684 1380 753 1404 agro
776 1380 783 1403 3
814 1374 883 1400 viris
904 1390 911 1402 ,
928 1373 1070 1404 armisque
1089 1373 1165 1398 haud
1185 1377 1266 1409 :eque

687 1405 819 1431 validam.
838 1407 940 1438 Itaque
957 1404 1200 1437 egressinavibus‚
1218 1407 1265 1431 lu-

686 1442 735 1468 pra
764 1442 879 1468 portum
902 1438 967 1463 loco
985 1436 1098 1462 munito
1116 1435 1204 1462 castra
1223 1436 1268 1462 lo·

683 1472 750 1494 cant
771 1475 777 1493 τ
797 1474 828 1494 ac
844 1469 904 1494 fine
922 1469 1074 1494 certamine
1091 1467 1162 1493 urbe
1182 1472 1268 1499 agro-

685 1507 740 1532 que
753 1500 861 1531 potiti,
878 1500 990 1526 duobus
1003 1499 1130 1535 millibus
1140 1499 1267 1526 auxilia-

685 1533 760 1557 rium
773 1532 840 1558 inde
848 1531 1016 1564 conscriptis
1024 1547 1032 1559 ‚
1043 1530 1185 1563 mistisque
1196 1532 1266 1557 Car-

685 1564 830 1594 thaginem
856 1564 891 1589 ad
916 1563 1123 1589 hibernandum
1141 1578 1150 1591 ,
1179 1568 1263 1589 naves

683 1594 894 1621 subduxerunt.
912 1595 977 1621 Post
986 1595 1120 1626 Magonis
1129 1594 1164 1620 ab
1176 1596 1266 1632 occa-

686 1627 779 1685 Siyra
791 1625 937 1654 discessum
948 1642 956 1656 ‚
972 1627 1110 1653 Gaditani
1121 1626 1262 1653 Romanis

707 1666 720 1684 e
735 1664 844 1685 .untur.

722 1692 791 1720 Cap.
809 1691 975 1716 XXXVIII.
992 1691 1061 1716 Haec
1080 1691 1110 1716 in
1121 1689 1262 1722 Hispania

688 1722 720 1746 P.
731 1722 874 1752 Scipionis
883 1723 969 1748 ductu
982 1722 1167 1754 auspicioque
1177 1722 1264 1752 gesta.

683 1752 745 1784 Iple
756 1754 782 1779 L
795 1754 924 1780 Lentulo
935 1754 1124 1781 &LManlio
1136 1753 1265 1779 Acidino

684 1786 831 1815 provincia
842 1785 957 1814 tradita,
965 1786 1061 1812 decem
1072 1785 1190 1811 navibus
1203 1786 1265 1811 Ro·

686 1822 759 1842 ruam
779 1817 877 1843 rediit.
894 1817 923 1844 8<
943 1817 1042 1843 senatu
1061 1822 1141 1843 extra
1159 1816 1262 1842 urbem

688 1848 756 1874 ‹lato
773 1848 803 1874 in
815 1849 872 1874 aede
887 1849 1022 1878 Bellonae,
1033 1856 1103 1880 quas
1112 1854 1155 1874 res
1165 1849 1198 1874 in
1209 1848 1264 1884 Hi-

682 1878 780 1910 spania
789 1880 905 1912 gestisset
915 1896 922 1908 ‚
938 1879 1065 1916 difleruit
1077 1890 1083 1908 :
1104 1879 1265 1917 (modes—11-

685 1912 749 1942 gnis
759 1912 873 1938 collatis
883 1912 1037 1940 dimicaflet
1047 1929 1054 1941 ‚
1074 1917 1147 1944 quot
1158 1911 1265 1944 oppida

687 1948 721 1969 cx
732 1943 858 1970 hostibus
869 1945 896 1969 vi
905 1943 1017 1975 cepisset
1027 1960 1035 1973 ‚
1043 1950 1113 1976 quas
1123 1949 1221 1976 gentes
1230 1943 1264 1969 in

687 1975 829 2000 ditionem
851 1975 949 2007 populi
965 1977 1088 2002 Romani
1102 1974 1263 2007 redegiffet.

683 2004 816 2032 adversus
852 2013 976 2038 quatuor
1000 2006 1027 2033 se
1052 2008 1238 2038 imperatores
1255 2021 1266 2035 ‚

685 2043 812 2069 quatuor
829 2038 950 2064 victores
968 2039 1150 2065 exercitusin
1163 2038 1266 2073 Hispa-

685 2070 761 2094 niam
773 2069 832 2096 isse:
849 2070 990 2096 neminem
1000 2071 1106 2096 Cartha
1127 2070 1265 2095 inieniem

687 2100 716 2125 in
738 2101 773 2127 iis
783 2101 864 2127 terris
877 2101 1030 2133 reliquiss'e.
1052 2102 1095 2127 Ob
1125 2107 1154 2127 as
1164 2108 1207 2127 res
1217 2107 1266 2134 ge-

687 2131 740 2158 stas
760 2133 846 2163 magis
867 2138 975 2160 tentata
994 2134 1032 2159 est
1043 2133 1182 2170 triumphi
1193 2131 1265 2164 spes,

685 2170 770 2194 qu'lm
781 2166 868 2196 petita
879 2166 1062 2196 pertinaciter
1075 2175 1080 2191 :
1094 2171 1162 2199 quia
1172 2163 1274 2192 nemis

687 2202 750 2220 nem
761 2196 794 2222 ad
806 2203 864 2221 eam
875 2197 949 2222 diem
961 2198 1048 2223 trium
1071 2196 1152 2224 haste.
1183 2196 1213 2221 ui
1225 2195 1262 2221 si.

689 2233 724 2252 ne
738 2228 899 2259 magistratu
912 2234 953 2254 tes
963 2228 1027 2258 gelli
1051 2234 1078 2254 et
1089 2244 1096 2256 ‚
1107 2227 1262 2254 comiabat.

686 2260 791 2284 senatu
804 2259 881 2286 misso
893 2276 901 2287 ,
912 2260 1009 2286 urbem
1020 2260 1058 2285 est
1069 2258 1208 2292 ingress‘us
1217 2265 1263 2284 ar-

682 2291 818 2321 genti-qur:
830 2297 886 2322 prze
898 2290 923 2316 se
935 2292 964 2317 in
976 2292 1103 2317 aerarium
1116 2291 1185 2317 tulit
1195 2295 1264 2321 qua-

687 2322 845 2348 tuordecim
867 2323 956 2348 millia
969 2324 1065 2354 pondo
1084 2323 1255 2351 cccxmt,

683 2352 713 2382 ὃς
739 2353 842 2387 signati
863 2356 974 2388 argenti
1006 2361 1139 2388 magnum
1164 2359 1262 2381 nume·

1184 2391 1258 2413 rum·
