1414 2655
141 133 285 203 frgderum
295 170 358 193 cum
369 163 512 192 Romanis
520 162 639 191 morum
651 162 730 195 testes

151 200 233 228 Deos,
247 200 315 226 hinc
323 197 524 232 jurejurandi
530 189 727 228 adversussoe-

145 230 347 266 derasuscepti
355 229 548 256 execrationes
556 228 727 257 herreman-

144 263 228 291 vttus
241 261 489 297 jura-verit,0aerit
497 259 703 292 [aeramentum
713 266 727 290 ,-

147 301 217 354 'mot
226 300 343 329 tempore
355 294 428 322 Deos
437 310 445 324 ,
463 292 543 319 cives
554 308 562 323 ,
577 292 663 325 hqsses
671 298 726 318 me-

178 361 251 392 cap.
268 360 295 385 X
306 359 343 385 L.
370 359 438 385 Hzec
447 359 589 391 comperta
597 354 729 394 perfuga-

145 396 213 419 rum
233 391 351 418 indiciis
371 406 380 420 ‚
396 396 486 423 quum
505 388 581 421 apud
600 388 728 422 infernos

146 424 207 459 jam
224 422 275 450 sua
291 422 395 456 sponte
414 422 521 449 milites
538 418 727 450 diffeniiflet3

147 455 234 482 simul
244 455 347 482 divina-2
358 454 547 486 humanaeque
569 450 627 484 spei
639 450 725 485 pleni,

144 487 272 513 clamore
305 485 499 513 consentienti
526 490 649 517 pugnam
676 489 728 514 po·

146 518 232 545 scunt
243 526 251 544 ι
269 518 395 550 poenitet
403 519 435 545 in
446 517 586 550 posterum
597 516 672 541 diem
683 513 727 540 di-

145 550 238 576 latum
256 554 421 577 certamen:
439 555 547 575 moram
557 547 614 573 diei
625 545 726 573 nostis-

147 588 207 617 que
225 581 363 609 oderunt.
389 581 490 608 Tertia
508 580 605 611 vigilia
625 578 725 607 nostis,

145 611 442 678 ififflss'ts‘tissgfffiii
454 611 619 677 {iiiiii
619 611 664 668 ⁸1¹5?
668 610 727 667 ‘33⁵

330 674 334 678 .
382 662 392 676 ν
715 654 727 659 “

144 677 266 709 spicium
283 678 388 705 mittit.
414 677 537 703 Nullum
558 679 620 701 erat
637 678 728 707 genus

144 709 298 735 hominum
315 710 348 735 in
366 706 609 736 castrisintastum
620 705 728 739 cupidi-

147 745 210 779 3³oe
226 746 345 779 pugnae:
364 740 467 768 summi
486 739 639 771 infimique
649 744 729 775 :eque

147 779 257 801 intenti
276 778 379 800 erant:
404 773 466 799 dux
484 771 610 798 militum
622 784 631 798 ‚
649 769 728 795 miles

151 804 236 832 ducis
259 806 391 832 ardorem
414 803 565 837 spectabat.
600 803 628 828 Is
641 802 729 827 ardor

150 836 283 863 omnium
294 838 379 863 etiam
387 836 423 863 ad
434 843 479 863 eos
490 836 539 868 qui
550 833 674 866 auspicio
683 833 730 859 in-

147 873 297 897 tererant.
315 868 457 901 pervenit.
474 874 540 894 nam
557 872 646 905 quum
657 863 729 897 pulli

149 907 211 928 non
237 900 423 933 pascerentur
440 916 448 930 ,
472 899 611 934 pullarius
636 896 731 928 auspi-

144 932 225 959 cium
233 933 349 960 mentiri
366 930 467 960 ausus,
486 931 645 960 tripudium
660 928 731 954 soli-

151 965 267 991 stimum
296 964 410 991 consuli
428 962 589 989 nunciavit.
622 959 731 987 Consul

148 996 233 1023 laetus
251 1012 259 1027 ‚
276 995 432 1029 auspicium
452 995 596 1029 egregium
614 992 666 1020 effe
677 1008 685 1021 ‚
700 993 730 1019 &

152 1028 222 1055 Deis
240 1028 403 1055 auctoribus
424 1034 481 1054 rem
500 1026 645 1060 gesturos,
664 1031 731 1056 pro-

152 1060 272 1098 nunciat
291 1066 301 1093 3
318 1060 487 1093 signumque
506 1064 607 1092 pugnae
626 1063 732 1089 propo-

150 1097 206 1119 mt.
224 1092 419 1124 Exeuntijam
430 1092 506 1118 forte
517 1091 546 1117 in
558 1089 646 1116 aciem
657 1094 733 1115 nun-

149 1124 209 1151 ciat
232 1124 356 1163 perfuga
376 1140 386 1153 ‚
410 1123 515 1155 viginti
533 1122 666 1148 cohortes
684 1122 732 1145 sa-

152 1156 292 1184 mnitium
309 1154 575 1189 (quadringenariae
594 1153 682 1180 ferme
702 1158 731 1178 e-

151 1189 238 1226 rant)
258 1188 426 1215 Cominium
437 1186 588 1219 profectas.
606 1184 684 1217 quod
694 1190 732 1210 ne

150 1219 402 1289 iiissfssn'it‘tfflss
416 1258 431 1277 e
440 1217 733 1283 slgffi‘ffgffl’ssssrgffl.

148 1285 176 1311 ri
186 1284 270 1316 jubet
280 1301 289 1315 ‚
305 1283 485 1315 subsidiaque
494 1282 551 1309 iuis
562 1287 681 1313 qumque
689 1280 733 1307 lo-

151 1316 211 1344 cis,
226 1316 256 1344 8<
277 1316 425 1348 praefestos
444 1314 575 1342 subsidiis
592 1312 733 1339 attribue-

152 1352 208 1375 rat.
236 1350 351 1375 Dextro
370 1354 462 1374 cornu
481 1348 517 1373 L.
529 1344 731 1373 Volumnium,

151 1380 270 1407 finisti-o
288 1382 324 1407 L.
335 1380 497 1411 scipionem
510 1384 519 1408 ς
537 1377 681 1409 equitibus
693 1376 733 1401 le-

171 1417 234 1439 atos
245 1413 317 1440 alios
327 1429 336 1442 ‚
355 1412 441 1443 Cajos
452 1409 608 1437 Caedicium
619 1408 647 1435 &
659 1409 731 1433 Tre·

175 1445 275 1472 onium
295 1443 433 1476 praefecit.
461 1444 507 1475 Sp.
520 1441 661 1468 Nautium
672 1446 734 1465 tnu-

149 1476 196 1503 los
214 1476 350 1503 detractis
367 1474 484 1502 clitellis
492 1480 556 1501 cum
567 1472 735 1499 cohortibus

149 1508 275 1536 alaribus
284 1509 314 1535 in
325 1507 471 1535 tumulum
480 1505 659 1540 conspecium
669 1510 735 1535 pro-

151 1546 218 1579 pere
228 1541 440 1567 circumducere
450 1538 529 1570 jubet
540 1555 548 1568 ‚
562 1543 648 1569 atque
659 1536 736 1562 inter

150 1571 241 1604 ipsam
260 1572 476 1599 dimicationem
494 1574 605 1601 quanto
614 1567 736 1594 maxime

153 1604 243 1662 gosi'et
264 1610 344 1630 moto
354 1604 469 1635 pulvere
479 1602 637 1628 ostendere.
656 1601 735 1625 Dum

176 1636 199 1662 is
210 1638 342 1663 intentus
352 1636 508 1667 imperator
518 1638 581 1660 erat
594 1649 601 1661 ,
617 1631 737 1658 alterca-

153 1669 198 1705 tio
217 1669 294 1695 inter
311 1668 451 1702 pullarios
468 1671 533 1692 orta
553 1665 589 1691 de
608 1663 737 1696 auspicio

156 1706 220 1731 ems
240 1700 317 1729 diei,
335 1700 528 1730 exauditaque
545 1697 580 1722 ab
591 1695 739 1728 equitibus

157 1732 297 1759 Romanis
310 1737 318 1762 ;
333 1732 384 1764 qui
395 1738 452 1757 rem
464 1729 540 1756 baud
548 1727 737 1761 spernendam

154 1765 211 1791 rati
224 1780 232 1793 ‚
249 1764 295 1795 sp.
308 1763 423 1796 Papirio
443 1762 542 1788 fratris
564 1761 628 1787 filio
636 1757 740 1787 consu-

152 1796 192 1823 iis
213 1796 318 1828 ambigi
348 1795 385 1821 de
412 1794 537 1826 auspicio
555 1792 740 1818 renunciave-

151 1832 234 1855 runt.
252 1827 389 1861 Juven1s‚
406 1832 474 1853 ante
491 1825 740 1859 doctrinam-Deos

156 1860 337 1891 spernentem
358 1863 443 1885 natus
453 1875 461 1887 ‚
481 1863 540 1883 rem
550 1856 718 1887 inquintam
730 1870 738 1882 ,

156 1897 194 1918 ne
218 1891 291 1920 quid
317 1891 528 1921 incompertum
557 1888 684 1914 deferret
703 1886 740 1912 ad

156 1922 304 1949 consulem
316 1939 323 1951 ,
341 1922 462 1949 detulit.
478 1922 524 1947 cui
534 1920 603 1950 ille,
621 1918 739 1951 ‘Inqui-

156 1955 219 1980 dem
229 1954 319 1980 matie
327 1954 441 1981 virtute
453 1952 663 1986 diligentiaque
674 1950 737 1983 (βω

157 1985 295 2013 Caeterum
336 1986 369 2012 ui
388 1984 514 2022 auspicio
524 1984 576 2009 ade
610 1999 619 2013 ‚
628 1982 738 2019 fiquid

149 2017 225 2052 falfi
235 1992 358 2044 nuncZzt
367 2035 375 2047 ‚
396 2018 427 2043 in
439 2016 550 2050 semetip
566 2022 613 2040 um
625 2014 737 2052 rehgio-

156 2057 220 2076 mm
230 2049 340 2083 recipit.
359 2049 443 2076 Mihi
452 2048 567 2082 quidem
579 2047 737 2080 tripudium

155 2081 464 2139 nunci.·1r11m,¹pop:.‘lo
485 2080 612 2106 Romano
634 2077 740 2104 exerci-

154 2114 257 2153 tuique
275 2119 335 2146 egre
367 2119 415 2138 um
432 2112 589 2148 auspicium
600 2110 645 2144 est.
664 2111 740 2136 Cen-

156 2146 324 2173 turionibus
353 2145 437 2171 einde
448 2144 599 2176 imperavit
611 2158 619 2171 ‚
630 2147 665 2169 ut
676 2142 740 2174 pul-

152 2178 243 2205 larios
269 2180 346 2205 inter
371 2177 462 2211 prima
488 2176 568 2210 ligna
585 2174 739 2202 constitue-

156 2215 232 2237 rent.
252 2210 427 2235 Promovent
445 2208 475 2236 8<
494 2207 632 2234 Samnites
650 2205 738 2238 signa,

156 2241 324 2274 insequitur
341 2241 415 2267 acies
434 2245 537 2266 ornata
555 2242 738 2268 armataque,

156 2280 192 2302 ut
211 2273 337 2301 hostium
376 2278 473 2305 uoque
484 2271 669 2303 magnificum
679 2270 740 2302 ipe·

156 2306 300 2333 etatulum
326 2311 341 2331 e
364 2309 403 2331 et.
440 2303 608 2335 Priusquam
633 2301 741 2328 clamor

155 2338 313 2365 tolleretur
326 2340 549 2363 concurreretur
569 2341 606 2362 ue
625 2349 634 2362 ‚
654 2332 738 2360 emis-

156 2368 189 2405 ¹3>
207 2374 313 2396 temere
340 2369 401 2400 pilo
428 2367 500 2395 ierus
516 2374 554 2399 pu
570 2366 657 2393 larius
672 2369 740 2391 ante

154 2400 235 2436 tigna
252 2401 366 2430 cecidit.
384 2400 465 2435 quod
481 2400 532 2428 ubi
542 2396 654 2429 consuli
664 2403 741 2426 nun·

614 117 658 151 T.
701 118 903 151 Lrvrr

777 162 884 189 ciarum
902 160 961 191 est,
978 159 1032 189 Dii
1050 160 1083 187 in
1100 159 1292 195 pretiosum,
1309 163 1357 191 tn.

776 195 852 226 quit.
880 192 965 230 habet
990 198 1100 226 poenam
1118 193 1239 220 noxium
1258 198 1354 228 caput.

777 227 857 253 Ante
875 226 1021 253 coniulem
1038 226 1097 253 haec
1105 226 1245 252 dicentem
1255 233 1368 256 corvus·

777 265 847 284 voce
854 258 930 285 clara
939 258 1068 285 occinuit
1079 262 1165 290 {quo
1173 257 1255 284 laetus
1263 264 1300 286 au
1320 266 1355 286 n.

776 290 822 317 rio
840 289 959 320 consul,
979 289 1133 319 affirmans,
1145 295 1292 322 nunquam
1320 297 1354 317 u-

778 322 869 349 manis
885 322 969 348 rebus
989 321 1076 355 magis
1094 320 1245 354 praesentes
1263 321 1356 348 inter-

779 352 861 381 fuiffe
872 354 965 384 Deos·,
983 353 1064 389 signa
1074 359 1173 380 canere
1183 369 1193 384 ‚
1208 352 1239 381 δε
1248 353 1357 381 clamo·

778 392 838 412 rem
850 385 915 413 tolli
926 384 1017 417 juflit.

810 419 881 449 Cap.
898 418 923 443 X
934 418 960 443 L
971 418 996 443 1.
1024 415 1159 443 Praelium
1177 414 1354 443 commiffitm

775 454 871 475 atrox.
887 455 1019 476 caeterum
1029 449 1118 485 longe
1124 447 1282 481 disparibus
1291 448 1356 474 ani-

779 481 842 507 m1s.
863 482 1009 507 Romanos
1020 481 1063 507 ira
1075 496 1082 509 ‚
1100 482 1175 513 mes,
1193 480 1282 506 ardor
1293 486 1356 506 cer-

776 513 910 550 taminis,
928 513 1026 539 avidos
1044 512 1169 539 hostium
1186 510 1354 545 sanguinis,

776 550 807 570 an
829 545 958 578 praelium
978 544 1052 577 rapit
1071 551 1078 570 τ
1106 543 1277 571 Samnitium
1294 549 1355 569 ma·

774 583 860 609 gnam
880 582 989 609 partem
1001 575 1145 604 necessitas
1153 582 1184 602 ac
1194 575 1299 608 religio
1308 575 1357 601 in-

774 609 849 635 vitos
859 609 946 643 magis
956 608 1079 635 resistere
1090 614 1175 640 quam
1184 607 1295 633 inferre
1303 613 1357 639 pu-

773 645 860 673 gnam
885 641 973 674 cogit.
1002 648 1053 667 nec
1075 638 1272 667 sustinuissent
1296 639 1356 669 pri-

774 678 853 699 mum
870 672 1023 698 clamorem
1040 677 1127 705 atque
1144 672 1282 704 impetum
1294 672 1357 697 Ro·

775 710 934 732 manorum.
944 711 993 738 per
1002 704 1115 737 aliquot
1124 704 1180 735 jam
1190 708 1282 729 annos
1293 702 1357 729 vin·

776 736 801 775 ci
821 736 919 763 assueti
932 751 940 765 ‚
958 737 989 763 ni
1010 736 1161 774 potentior
1179 735 1253 761 alius
1262 739 1356 762 metus

777 767 903 795 mfidens
913 767 1072 805 pectoribus
1090 767 1105 793 a
1123 766 1193 799 fuga
1203 766 1354 793 retineret.

778 801 894 859 QYuippe
912 807 943 826 m
954 800 1046 826 oculis
1064 803 1126 825 erat
1144 798 1235 825 omnis
1246 798 1296 824 ille
1305 804 1355 825 oc-

776 839 811 859 cu
826 835 848 859 ti
857 836 971 865 paratus
982 831 1064 860 sacri,
1072 830 1101 857 Sc
1112 831 1215 857 armati
1225 829 1354 857 sacerdo-

779 869 820 891 tes
839 881 847 894 ,
870 864 900 891 ὅ(
920 863 1078 895 promiscua
1095 862 1245 889 hominum
1290 866 1354 887 ecu-

779 897 904 928 dumque
922 896 960 921 str
996 902 1025 922 es
1046 910 1054 924 ‚
1070 894 1100 922 8<
1118 893 1246 927 respersae
1296 892 1357 919 ndo

777 927 964 965 nefandoque
995 927 1119 965 anguine
1137 932 1192 952 arae
1209 942 1219 955 ‚
1245 924 1275 952 8<
1295 924 1360 951 dira

778 966 930 988 execratio,
939 966 971 985 ac
981 959 1084 985 furiale
1092 956 1360 986 carmem-detestan-

779 992 821 1018 dae
832 991 947 1018 familiae
956 992 1093 1023 stirpique
1104 996 1167 1016 corn
1206 989 1303 1015 situm.
1313 988 1361 1016 bis

779 1023 902 1051 vinculis
920 1022 997 1056 fugae
1017 1022 1144 1049 obstricti
1187 1021 1274 1047 abant
1292 1026 1301 1052 3
1318 1020 1360 1046 ci-

780 1062 841 1081 vem
852 1056 939 1088 magis
950 1061 1035 1087 quarn
1044 1054 1150 1080 hostem
1160 1052 1361 1080 timentes-ln-

779 1087 851 1113 stare
870 1088 1016 1113 Romanus
1034 1084 1050 1112 a
1069 1091 1162 1111 cornu
1180 1089 1324 1117 utroque,
1341 1081 1359 1110 a

778 1119 873 1145 media
883 1120 943 1146 acie
954 1135 961 1148 ‚
971 1119 1000 1146 8<
1011 1118 1117 1144 caedere
1127 1118 1255 1143 Deorum
1266 1114 1361 1142 homi-

779 1157 905 1182 numque
915 1151 1063 1177 attonitus
1075 1154 1165 1175 metu.
1182 1152 1360 1181 repugnatur

779 1183 904 1215 segniter
916 1199 924 1211 ‚
940 1187 976 1209 ut
994 1182 1030 1208 ab
1040 1182 1074 1208 iis
1085 1187 1158 1214 quos
1168 1180 1257 1207 timor
1266 1184 1362 1205 mora·

779 1221 859 1242 retur
879 1214 895 1241 a
905 1214 983 1247 fuga.
1002 1214 1066 1246 Jam
1075 1218 1164 1245 prope
1172 1212 1209 1239 ad
1219 1212 1358 1243 fignacae-

776 1247 826 1273 des
844 1251 1009 1279 pervenerat
1019 1262 1027 1274 ‚
1043 1252 1133 1277 quum
1152 1250 1187 1270 ex
1197 1240 1361 1270 transverso

778 1279 872 1312 pulvis
881 1295 889 1308 ‚
901 1279 978 1305 velut
990 1277 1139 1309 ingentisa
1159 1276 1244 1303 minis
1252 1273 1358 1303 incessu

780 1315 887 1339 motus,
900 1311 1043 1349 apparuit.
1064 1310 1110 1340 Sp.
1153 1308 1249 1335 antius
1257 1306 1355 1339 (octa-

778 1345 857 1369 vium
874 1344 1001 1369 Menum
1022 1341 1138 1371 quidam
1148 1346 1212 1367 eum
1224 1338 1367 1370 tradunt)¹

778 1375 837 1401 dux
856 1375 980 1401 alaribus
995 1372 1164 1400 cohortibus
1172 1376 1244 1398 erat.
1262 1369 1361 1403 pulve-

781 1414 841 1433 rem
861 1408 998 1437 maJorem
1017 1411 1103 1437 quam
1113 1411 1168 1437 pro
1178 1409 1298 1430 numero
1308 1407 1360 1429 ex·

778 1439 926 1465 citabant:
945 1437 1100 1465 iniidentes
1119 1435 1206 1462 mulis
1224 1434 1360 1464 calones,

781 1470 935 1497 frondosos
963 1473 1057 1495 ramos
1073 1474 1124 1500 per
1141 1472 1245 1494 terram
1266 1466 1362 1493 trahe-

779 1503 848 1529 bant
869 1511 875 1528 :
894 1501 1125 1539 arma-iignaque
1142 1506 1192 1557 Ber
1213 1498 1360 1525 turbidam

781 1537 874 1561 lucem
892 1534 922 1560 in
955 1540 1028 1559 rimo
1037 1538 1140 1565 appare
1161 1535 1211 1558 ant
1219 1539 1229 1567 .²
1248 1529 1309 1563 post
1320 1530 1362 1556 al-

780 1567 841 1594 tior
861 1566 916 1593 den
931 1572 1034 1597 lorque
1051 1564 1144 1597 pulvis
1161 1570 1176 1589 e
1198 1561 1320 1589 ulturus
1334 1568 1363 1587 e-

783 1600 854 1626 ciem
865 1597 1030 1631 cogentium
1042 1602 1141 1629 agmen
1152 1596 1187 1622 da
1208 1599 1247 1620 at.
1265 1594 1306 1619 Fe
1338 1593 1363 1620 l-

781 1631 875 1663 litque
886 1637 946 1656 non
957 1628 1095 1655 Samnites
1106 1627 1202 1656 modo,
1213 1625 1263 1652 sed
1272 1626 1358 1653 etiam

786 1665 945 1689 Romanos:
969 1662 999 1688 Sc
1012 1658 1114 1687 consul
1124 1658 1276 1686 affirmavit
1283 1663 1362 1684 erro-

784 1701 843 1721 rem
856 1700 865 1726 3
880 1694 1028 1720 clamitans
1037 1693 1115 1719 inter
1124 1691 1213 1725 prima
1223 1690 1311 1723 ligna,
1322 1689 1364 1716 ita

784 1732 818 1753 ut
828 1732 885 1752 vox
895 1726 980 1751 etiam
991 1724 1026 1751 ad
1036 1724 1128 1750 hostes
1138 1722 1277 1749 accideret
1288 1729 1295 1747 ε
1316 1726 1363 1746 ca-

782 1763 863 1791 ptum
882 1756 1044 1783 Cominium
1054 1762 1068 1787 ,-
1084 1754 1222 1781 vitiorem
1234 1754 1364 1786 collegam

784 1785 875 1823 adqffie
894 1798 903 1815 :
930 1788 1132 1815 anniterentur
1148 1786 1264 1812 vincere
1300 1784 1364 1810 ritu·

785 1828 874 1854 quam
891 1820 986 1855 gloria
997 1820 1117 1846 alterins
1126 1818 1267 1844 exercitus
1294 1819 1362 1842 eret.
1413 1843 1414 1851 ἵ

788 1856 855 1880 Haec
880 1853 1007 1879 insidens
1032 1858 1118 1885 equo.
1144 1850 1213 1877 inde
1237 1845 1366 1876 tribunis

785 1882 1061 1916 centurionibusque
1079 1884 1199 1915 imperat
1254 1885 1288 1906 ut
1303 1880 1364 1906 vias

787 1918 940 1956 equitibus·
959 1915 1144 1955 patefaciant:
1172 1897 1235 1945 lpi'e
1253 1912 1364 1938 Trebo-

789 1957 841 1976 mo
863 1950 1046 1980 Caedicioque
1078 1947 1229 1973 raedtxerat
1240 1960 1249 1974 ‚
1266 1948 1300 1971 ut
1313 1943 1363 1969 ubl

787 1982 817 2008 se
835 1980 980 2013 cuspidem
999 1988 1029 2006 er
1074 1985 1118 2005 am
1135 1977 1313 2010 quatientem
1325 1975 1367 2001 vi-

785 2013 907 2042 dissent,
922 2017 1031 2043 quanta
1048 2010 1169 2037 maxima
1187 2009 1217 2035 vi
1234 2007 1344 2041 possent
1356 2022 1367 2036 ‚

787 2046 967 2072 concitarent
987 2043 1099 2077 equites
1116 2044 1147 2069 in
1166 2041 1285 2068 hostem.
1315 2038 1364 2066 Ad

789 2082 893 2105 nutum
912 2076 1010 2102 omnia
1021 2092 1029 2105 ,
1045 2080 1080 2101 ut
1099 2080 1136 2101 ex
1152 2077 1220 2099 ante
1229 2077 1362 2106 praepara-

789 2114 841 2139 to,
857 2109 947 2136 fiunt.
968 2107 1137 2139 panduntur
1154 2105 1232 2132 inter
1250 2103 1369 2130 ordines

788 2141 858 2168 vite:
877 2140 1010 2172 provolat
1028 2145 1043 2165 e
1064 2145 1113 2165 ues
1127 2154 1136 2168 ,
1152 2141 1238 2168 atque
1256 2135 1368 2162 infestis

784 2173 949 2205 cuspidibus
957 2172 987 2198 in
999 2177 1042 2197 me
1064 2170 1124 2197 ium
1133 2174 1232 2202 agmen
1245 2167 1370 2193 hostium

786 2206 849 2232 ruit
870 2220 879 2233 ,
905 2204 1124 2237 perrumpitque
1143 2201 1280 2229 ordines,
1297 2205 1370 2256 ‘³5¹³’

790 2243 914 2268 cumque
926 2237 1065 2268 impeturn
1074 2234 1167 2262 dedit.
1187 2232 1295 2259 instant
1334 2237 1369 2257 o-

787 2269 916 2296 lumnius
926 2269 956 2295 ὃς
967 2267 1063 2299 scipio
1073 2283 1081 2294 ‚
1098 2266 1128 2293 Sc
1147 2262 1291 2301 perculso?
1301 2262 1370 2289 ster·

789 2305 874 2327 nunt.
894 2301 970 2325 Tum
989 2300 1049 2330 jam
1068 2300 1197 2324 Deorum
1207 2296 1370 2322 hominum-

789 2339 847 2366 que
858 2332 930 2359 vista
940 2331 969 2357 vl
981 2347 990 2359 ‚
1007 2330 1176 2357 fianduntur
1184 2328 1312 2354 linteatae
1322 2332 1370 2351 co-

789 2365 888 2391 hortes
899 2372 906 2390 :
920 2363 1026 2396 pariter
1038 2361 1127 2392 jurati
1137 2361 1314 2392 iniuratique
1324 2357 1372 2384 fu-

788 2397 874 2431 giunt
884 2411 894 2428 ‚
915 2401 968 2425 nec
984 2399 1155 2429 quanquam
1166 2395 1269 2427 praeter
1277 2389 1371 2450 :2333
