1414 2655
130 122 291 193 ssmproviso
300 157 331 185 in
342 155 446 185 effusos
455 153 652 183 incurrissent.
671 155 713 192 rii

132 190 376 225 promptiflimum
395 194 537 222 quemque
547 204 556 217 ,
576 187 606 214 δε
616 192 715 219 proxi-

131 231 179 250 me
195 224 302 251 vallum
314 239 322 251 ‚
334 227 421 253 atque
431 221 461 246 in
471 218 549 258 ipsos
558 219 716 256 munitores

155 257 259 282 timum
285 253 446 281 inv-estam,
462 251 584 278 vixdum
610 250 717 282 pro-’110

148 288 212 314 nito
222 287 362 313 fuderunt
374 294 380 312 :
392 291 456 311 cum
465 283 574 310 caeteris
583 299 593 312 ‚
603 283 654 314 qui
665 281 718 308 sub

131 319 222 351 fiunis
238 324 326 350 atque
342 317 446 344 ordine
462 314 584 348 agminis
603 313 716 340 incesse·

132 357 201 378 rant
211 366 220 380 ‚
241 351 358 384 longior
377 349 407 376 Sc
415 348 468 375 diu
479 347 610 377 ambigua
620 351 716 377 pugna

133 382 206 409 fuit.
233 382 280 408 sed
306 387 398 440 guum
415 381 451 406 ab
469 379 640 406 stationibus
658 377 717 410 pri-

137 421 218 440 mum
234 420 305 444 expe
328 414 374 439 itae
391 412 543 438 cohortes,
565 409 670 436 deinde
681 413 717 434 ex

135 452 224 477 opere
242 445 358 471 deducti
379 444 486 470 milites
498 459 505 471 ,
532 446 620 473 atque
639 446 716 476 arma

135 483 236 510 capere
253 476 319 507 ,lussi
336 475 473 510 plures&
495 473 601 504 integri
621 471 716 500 feliis,

137 515 331 541 magnumque
347 509 404 539 jam
424 512 524 538 agmen
542 509 717 530 armatorum

134 537 151 566 ὲ
178 540 274 567 castris
299 541 330 566 in
351 539 488 572 proelium
505 541 622 565 rueret,
640 541 721 574 terga

135 572 215 599 haud
237 571 327 598 dubie
342 574 460 596 vertunt
478 568 560 594 Poeni
570 567 721 594 Numidae-

139 611 209 634 que.
239 604 278 630 Et
305 603 398 634 primo
424 601 573 628 turmatim
582 599 717 629 abibant3

135 636 217 661 nihil
227 640 344 668 propter
354 639 484 666 pavorem
493 631 721 658 festinationem-

140 673 173 693 ve
195 661 321 694 contusis
338 665 510 692 ordinibus.-
534 663 622 690 dein,
644 661 717 694 post—

138 705 227 733 quam
238 699 330 725 acrius
338 697 450 724 ultimis
459 695 602 722 incidebat
614 695 720 720 Roma-

140 737 207 759 nus.
219 736 311 762 neque
320 727 452 755 sustineri
465 728 587 760 impetus
594 730 718 761 poterat3

142 762 285 793 nihiljam
294 762 432 788 ordinum
440 764 578 785 memores
588 774 597 786 ‚
619 757 715 790 passim

141 801 201 825 qua
211 793 316 825 cuique
325 793 489 825 proximum
501 789 568 817 fuit,
580 791 610 816 in
624 788 720 820 fugam

141 825 346 853 effunduntur.
366 825 404 850 Et
421 827 591 855 quamquam
601 828 636 847 eo
647 828 722 852 proe-

142 859 187 885 lio
197 874 205 886 ‚
226 857 408 895 aliquantum
417 855 446 882 &
458 853 680 892 Romanisauiti
691 852 721 878 St

143 890 286 917 diminuti
299 888 425 914 hostibus
436 892 524 912 ammi
534 889 721 912 erant.tamen

143 926 304 951 numquam
328 926 379 952 per
403 919 517 949 aliquot
543 917 725 952 insequentes

143 954 205 980 dies
223 953 259 978 ab
268 951 483 978 excurlionibus
492 949 624 981 equitum
642 948 725 974 levil-

140 991 200 1018 que
211 988 361 1010 armaturae
369 982 499 1009 cessatum
510 981 559 1007 est.

180 1018 251 1046 Cap.
269 1017 294 1040 X
305 1017 319 1041 I
330 1015 368 1040 V.
385 1014 445 1040 Ubi
464 1012 530 1040 satis
548 1015 665 1039 tentatae
676 1017 727 1043 per

144 1049 207 1075 haec
214 1047 286 1074 levia
294 1046 448 1073 certamina
459 1045 533 1071 vires
542 1044 610 1070 sunt
623 1051 631 1073 ς
646 1045 726 1075 prior

145 1079 293 1108 Asdrubal
316 1079 345 1104 in
368 1079 456 1104 aciem
482 1077 578 1109 copias
603 1076 723 1102 eduxit:

146 1112 254 1139 deinde
269 1110 298 1138 8<
319 1110 443 1136 Romani
454 1107 618 1137 processere.
634 1107 681 1132 sed
692 1114 727 1133 u-

145 1149 250 1174 traque
259 1142 329 1168 acies
340 1148 392 1173 pro
403 1140 482 1166 vallo
490 1140 568 1166 stetit
577 1139 722 1165 instructa:

146 1176 178 1202 St
199 1180 288 1207 quum
307 1173 342 1198 ab
361 1172 472 1198 neutris
481 1178 575 1204 pugna
584 1176 677 1202 coepta
687 1170 729 1197 es—

144 1206 197 1236 set.
210 1207 266 1236 jam
276 1206 324 1232 dle
335 1205 370 1230 ad
378 1203 507 1231 occasum
517 1203 676 1230 inclinante
686 1218 695 1231 ‚
713 1201 729 1228 a

148 1239 244 1264 Poeno
260 1238 358 1269 prius,
378 1236 483 1262 deinde
499 1237 533 1260 ab
545 1236 677 1261 Romano
694 1234 726 1259 in

142 1270 234 1297 castra
254 1268 343 1300 copiae
362 1268 495 1294 reductae.
512 1268 577 1293 Hoc
594 1267 670 1292 idem
679 1272 730 1298 per

146 1302 210 1328 dies
235 1300 349 1331 aliquot
375 1298 492 1325 fastum.
517 1299 597 1331 prior
619 1298 729 1328 semper

147 1333 257 1358 Poenns
273 1331 470 1363 copiascastris
480 1330 627 1356 educebat.
648 1329 730 1359 prior

144 1364 224 1391 festis
240 1364 341 1390 stando
359 1362 470 1394 signum
486 1362 613 1394 receptui
631 1361 728 1387 dabat.

147 1397 183 1422 ab
192 1401 295 1422 neutra
305 1399 384 1426 parte
395 1393 560 1427 procursum
570 1409 580 1423 ,
600 1393 725 1420 telumve

147 1427 261 1454 milium
272 1444 280 1455 ‚
296 1432 346 1452 aut
364 1431 420 1452 vox
437 1426 584 1452 unaorta.
606 1425 728 1450 mediam

150 1461 239 1486 aciem
250 1459 318 1484 hinc
330 1459 454 1484 Romani
466 1475 472 1487 ,
483 1458 566 1484 illinc
577 1457 730 1488 Carthagi·

149 1490 263 1518 nienses
271 1490 355 1516 mixti
368 1489 466 1515 Afris.-
487 1495 595 1516 cornua
605 1488 673 1514 lbcii
686 1493 729 1513 te-

147 1523 275 1550 nebant:
297 1526 379 1548 erant
399 1527 494 1547 autem
508 1520 656 1552 utrimque
676 1520 729 1546 Hi·

149 1555 232 1586 spani
250 1560 303 1585 pro
323 1553 469 1579 cornibus.
499 1558 566 1578 ante
589 1553 725 1578 Punicam

146 1587 238 1613 aciem
257 1585 401 1616 elephanti
425 1584 602 1610 castellorum
627 1583 729 1616 procul
753 1586 755 1592 ·

147 1618 270 1650 speciem
288 1616 460 1648 prabebant.
487 1616 550 1653 Jam
568 1616 623 1641 hoc
642 1616 674 1641 in
695 1622 729 1640 u-

149 1649 261 1681 trisque
271 1647 366 1674 castris
373 1647 513 1674 sermonis
522 1653 582 1672 erat
592 1663 600 1676 ‚
620 1647 661 1673 ita
672 1663 680 1676 ,
693 1651 727 1673 ut

151 1681 285 1709 instructi
297 1679 432 1706 stetiffent
442 1695 450 1708 ‚
467 1683 651 1712 pugnaturos.
669 1685 728 1704 me-

148 1714 211 1740 dias
234 1713 307 1739 acies
334 1713 497 1738 Romanum
531 1710 729 1748 Poenumque,
754 1724 755 1728 =

150 1750 226 1777 quos
245 1745 322 1770 inter
342 1743 497 1769 bellicaufa
507 1741 592 1770 esset,
612 1749 674 1774 pari
683 1748 731 1766 ro-

150 1777 220 1802 bore
229 1776 390 1802 animorum
400 1780 600 1806 armorumque
610 1780 731 1800 concur-

149 1808 242 1834 suros.
268 1807 364 1839 scipio
383 1807 434 1832 ubi
451 1807 509 1832 haec
517 1806 659 1832 obstinate
671 1812 729 1832 cre-

149 1840 212 1866 dita
229 1838 449 1866 animadvertit.
466 1838 562 1864 omnia
589 1837 625 1863 de
644 1837 731 1864 indu-

602 108 647 142 Τ.
689 106 931 140 Βινιιν

1321 133 1326 145 ἱ

768 149 878 183 nosque
896 148 1021 178 hostium
1033 153 1144 182 campos
1153 147 1247 180 vidit3
1266 153 1282 174 e
1302 147 1348 175 ui*-

769 188 863 210 tatum
881 189 995 209 omnem
1015 182 1162 213 extempio
1186 182 1217 208 iu
1233 187 1289 213 equ
1304 185 1349 207 tea

769 215 890 242 emittit.
915 213 972 248 ipse
1000 221 1064 241 cum
1084 213 1214 246 peditum
1231 213 1347 244 agmine

768 247 864 273 castris
883 246 1042 278 egreditur.
1061 252 1112 272 nec
1121 251 1157 272 ex
1166 243 1348 271 ordinesoli-

771 284 804 305 to
821 279 975 310 quicquam
993 279 1052 305 acie
1063 277 1229 304 instruenda
1238 280 1345 302 mutat.

773 311 912 343 Equitum
920 311 976 342 iam
985 310 1038 337 diu
1047 315 1150 341 anceps
1159 314 1254 340 pugna
1263 312 1325 332 erat
1335 314 1345 333 ε

771 349 822 368 nec
841 341 900 376 ipsa
909 341 1116 374 persedecerni
1145 345 1236 366 oterat
1248 354 1256 366 ³
1277 338 1348 369 quia

769 374 856 406 pullis
875 374 967 406 (qnod
977 379 1067 406 prope
1075 374 1196 399 invicem
1207 371 1305 401 fiebat)
1317 371 1350 396 in

767 406 854 432 aciem
873 406 1002 437 peditum
1021 411 1102 432 tutus
1119 408 1249 434 receptus
1275 406 1352 428 erat.

769 436 817 464 sed
842 438 893 464 ubi
920 439 976 468 iam
995 437 1071 463 haud
1092 437 1158 468 plus
1173 436 1349 470 quingentos

771 468 861 501 pass'us
871 470 1027 496 aciesinter
1037 467 1095 495 sese
1105 467 1222 493 aberant
1232 482 1241 495 ,
1259 466 1281 491 ίι
1304 471 1344 491 no

768 502 897 531 receptui
912 502 981 527 dato
994 518 1002 529 ‚
1014 500 1127 531 scipio,
1146 498 1278 532 patefacti
1293 502 1350 529 que

770 532 921 559 ordinibus
931 549 939 561 ‚
948 533 1108 564 equitatum
1119 536 1233 556 omnem
1245 529 1349 556 levem-

791 571 827 590 ue
836 570 1009 590 armaturam
1028 565 1058 590 in
1069 563 1194 589 medium
1204 568 1268 588 acce
1290 566 1349 587 tam

771 571 951 627 divisamque
972 597 1001 621 in
1012 594 1201 627 pa'rtesduas‚
1219 594 1250 619 in
1275 592 1350 619 ubli-

769 627 825 653 diis
835 629 897 660 post
907 628 1111 654 cornualocat,
1129 626 1259 652 Indeubi
1277 625 1351 660 inci-

769 659 940 691 piendaejam
953 656 1352 691 pugnaetempuserat.Hiipa-

769 697 824 717 nos
845 693 853 722 (
867 698 898 717 ea
908 692 1000 718 media
1009 691 1081 718 acies
1090 689 1169 719 fuit)
1190 689 1278 720 press‘o
1287 694 1354 722 gra-

771 723 810 748 du
823 723 953 749 incedere
971 723 1063 754 jubet.
1081 721 1139 754 ipse
1148 721 1276 748 &dextro
1285 727 1352 746 cor-

771 761 811 791 nu
824 755 877 785 (ibi
888 761 1010 786 namque
1022 755 1150 786 praeerat)
1162 755 1299 780 nuncium
1311 751 1349 779 ad

773 786 899 813 Silanum
909 786 938 812 δι
948 787 1092 812 Marcium
1101 786 1204 814 mittit,
1213 791 1248 812 ut
1258 790 1352 812 cornu

773 819 959 844 extenderent
968 818 998 843 in
1008 818 1121 844 linistra
1131 822 1212 849 parte
1222 834 1231 846 ‚
1248 822 1350 848 quem-

769 850 926 875 admodum
956 848 984 876 se
1010 850 1176 876 tendentem
1211 846 1227 874 a
1246 849 1351 875 dextra

774 880 926 908 vidiss‘ent:
949 881 978 908 &
996 887 1060 907 cum
1070 881 1210 913 expeditis
1221 880 1351 913 pediturn

773 914 962 945 equitumque
978 914 1057 943 prius
1077 919 1201 944 pugnam
1221 911 1354 938 consere-

774 951 839 971 rent
858 951 921 971 cum
932 944 1013 970 hoste
1024 961 1031 971 ,
1055 950 1139 976 quam
1149 945 1227 970 coire
1239 945 1315 971 inter
1323 942 1353 970 se

773 977 872 1004 mediae
881 977 953 1002 acies
961 975 1081 1008 possent.
1099 977 1143 1002 Ita
1155 975 1280 1002 didustls
1289 983 1354 1002 cor·

775 1009 861 1035 nibus
879 1015 943 1035 cum
964 1009 1053 1034 ternis
1071 1008 1200 1038 peditum
1219 1007 1351 1034 cohorti·

775 1042 836 1068 bus,
847 1040 990 1072 ternisque
1000 1039 1128 1071 equitum
1138 1040 1288 1067 rui-misma
1298 1040 1356 1066 boc

775 1073 911 1099 velitibus
922 1088 930 1099 ⁷
940 1072 1031 1098 citato
1040 1072 1131 1102 gradu
1141 1072 1169 1097 in
1181 1071 1286 1097 hostem
1298 1071 1355 1098 du·

772 1105 889 1131 cebant:
910 1103 1094 1135 sequentibus
1113 1104 1143 1130 in
1153 1103 1304 1136 obliquum
1325 1109 1355 1129 a·

772 1138 831 1164 liis.
861 1137 946 1161 Sinus
965 1136 994 1161 in
1012 1135 1108 1161 medio
1128 1139 1188 1161 erat
1200 1151 1208 1164 ‚
1225 1136 1294 1167 quia
1311 1133 1355 1161 se—

777 1169 862 1201 gnius
881 1166 1073 1199 Hispanorum
1083 1167 1161 1201 signa
1172 1166 1353 1198 Incedebat,

774 1201 803 1227 Sc
817 1201 873 1230 jam
888 1199 1085 1225 conflixerant
1102 1205 1231 1224 cornua:
1252 1205 1354 1231 quum,

772 1233 852 1263 quod
870 1231 984 1256 roboris
1000 1231 1031 1256 in
1050 1230 1111 1256 acie
1130 1230 1252 1256 hostium
1271 1236 1357 1260 erat.

775 1264 858 1290 Poeni
877 1263 1023 1290 veterani,
1046 1261 1111 1287 Afri
1134 1269 1169 1288 ue
1180 1262 1308 1289 nondum
1317 1263 1357 1289 ad

777 1296 830 1322 teli
852 1294 1095 1329 coniectum-veni
1120 1299 1188 1322 ent,
1208 1299 1301 1326 neque
1321 1294 1357 1320 in

774 1333 882 1354 cornua
896 1342 904 1354 ‚
924 1330 960 1351 ut
983 1325 1153 1356 adjuvarent
1171 1330 1353 1359 pugnantes,

775 1358 935 1385 discurrere
959 1358 1098 1384 auderent
1119 1363 1127 1386 ;
1155 1363 1191 1382 ne
1209 1358 1356 1390 aperirent

775 1391 898 1416 mediam
915 1390 1003 1416 aciem
1022 1389 1150 1415 venienti
1179 1395 1215 1414 ex
1235 1389 1357 1415 adverso

776 1422 862 1448 hosti.
881 1423 998 1448 Cornua
1014 1421 1078 1447 ancl
1100 1421 1135 1447 iti
1155 1421 1260 1452 proelio
1270 1427 1355 1453 urge-

776 1455 898 1480 bantur:
911 1459 1005 1484 eques,
1020 1453 1076 1478 lcvi
1091 1459 1148 1485 que
1157 1459 1311 1481 armatura,
1322 1454 1355 1481 δε

775 1487 886 1513 velites.
898 1485 1100 1512 circumductis
1107 1485 1160 1510 aiis
1170 1485 1199 1510 in
1211 1485 1300 1510 latera
1311 1484 1358 1511 in-

776 1517 952 1548 currebant3
972 1517 1106 1543 cohortes
1121 1516 1136 1542 a
1157 1516 1257 1542 fronte
1271 1523 1358 1549 urge-

753 1550 755 1575 5
775 1551 864 1578 bant,
885 1554 919 1576 ut
939 1549 1141 1581 abrumperent
1162 1546 1357 1575 cornuaacae·

774 1581 913 1608 remacle.

810 1615 881 1645 Cap.
901 1611 977 1637 XV.
997 1612 1038 1638 Et
1058 1615 1119 1638 tum
1140 1611 1176 1637 ab
1185 1611 1362 1644 omniparte

774 1645 996 1677 haudquaquam
1015 1649 1065 1674 par
1083 1649 1178 1675 pugna
1189 1647 1271 1671 erat,
1293 1648 1354 1670 tum

775 1677 856 1707 quod
876 1676 959 1702 turba
977 1675 1136 1702 Baleatium
1167 1675 1357 1708 tironumque

775 1707 1119 1744 Hispanorum,Roman0
1129 1707 1295 1740 Latinoque
1303 1708 1365 1734 ml-

774 1741 821 1766 litl
845 1739 954 1770 obieeta
971 1744 1049 1766 erat,
1070 1739 1100 1765 Sc
1117 1738 1355 1770 procedentejam

779 1772 827 1798 die
847 1772 920 1797 vires
939 1771 1025 1797 etiam
1046 1771 1169 1797 deficere
1186 1768 1356 1798 Asdrubalis

778 1804 935 1830 exercitum
955 1808 1100 1835 coeperant
1111 1819 1120 1832 ‚
1138 1809 1176 1834 op
1197 1801 1281 1829 ress'os
1299 1808 1360 1828 ma-

778 1835 879 1861 tutino
895 1835 1025 1861 tumultu
1041 1850 1049 1862 ‚
1071 1834 1168 1859 coacto
1183 1839 1240 1864 que
1264 1833 1360 1866 prlus·

149 1872 220 1898 stria
239 1871 268 1896 in
290 1877 354 1896 eum
372 1869 448 1896 diem
460 1886 468 1897 ‚
484 1874 731 1902 quoputznamrus
753 1857 756 1900 Ι
777 1873 861 1898 quarn
871 1867 933 1892 cibo
943 1871 1062 1898 corpora
1071 1865 1222 1891 firmarent
1233 1866 1357 1897 ‚raptim

149 1908 211 1929 erat
221 1918 230 1929 2
243 1902 373 1928 mutavit.
392 1900 532 1927 'resset-am
553 1900 659 1929 vesperi
682 1907 731 1932 per
754 1903 755 1906 ’
775 1899 806 1925 in
828 1899 915 1924 aciem
932 1898 1023 1924 exire.
1042 1897 1087 1924 Ad
1107 1897 1136 1924 id
1157 1895 1259 1923 sedulo
1278 1897 1356 1923 diem

148 1934 238 1961 castra
250 1933 349 1960 dedit.
366 1938 400 1958 ut
409 1933 577 1968 antelucem
587 1931 641 1958 viri
651 1933 731 1964 equi·
753 1915 756 1949 ἱ
778 1935 943 1956 extraxerat
965 1929 1058 1961 Scipio
1068 1946 1077 1958 ,
1097 1933 1129 1955 ut
1141 1927 1201 1954 sera
1211 1934 1305 1961 pugna
1315 1928 1358 1956 es-
1370 1929 1374 1932 ”

149 1972 209 1998 que
227 1965 320 1991 curati
338 1964 586 1996 &pranliessenn
605 1969 730 1990 armatus
753 1953 756 1988 Ῑ
775 1961 829 1989 set.
848 1968 913 1987 nam
933 1960 1095 1992 abseptima
1105 1961 1218 1986 demum
1230 1960 1300 1986 hora
1310 1967 1360 1991 pe-

150 2003 239 2029 cques
248 1997 376 2022 frenatos
386 2013 394 2025 ‚
416 1995 607 2026 instratosque
618 2001 729 2022 teneret
777 1994 870 2020 ditum
883 1992 960 2024 signa
979 1993 1113 2018 cornibus
1124 1993 1359 2018 incucurrerunt.

147 2034 249 2061 equos.
268 2029 395 2054 Vixdum
406 2027 475 2053 satis
483 2028 638 2055 cert-alume,
650 2027 730 2058 equi·
776 2026 812 2052 ad
833 2025 939 2051 medias
956 2024 1028 2050 acies
1036 2023 1186 2056 aliquanto
1197 2023 1286 2049 serius
1295 2031 1361 2055 per-

145 2067 242 2087 rarum
262 2066 373 2086 omnem
394 2066 457 2085 cum
474 2059 533 2085 levi
540 2064 686 2084 armatura
697 2061 728 2086 in
778 2058 858 2083 venit
869 2061 979 2089 pugna:
1002 2055 1043 2081 ita
1053 2061 1085 2081 ut
1097 2055 1175 2086 prius
1184 2054 1264 2081 aestus
1273 2053 1289 2080 a
1299 2061 1359 2081 me·

146 2093 284 2118 stationes
298 2092 417 2118 Punicas
426 2091 560 2117 immisit:
583 2091 650 2116 inde
660 2097 728 2116 con·
777 2089 891 2115 ridiano
901 2088 960 2114 tole
972 2102 980 2115 ‚
1002 2088 1143 2119 laborque
1152 2086 1242 2112 standi
1252 2085 1304 2112 sub
1313 2093 1362 2112 ar-

148 2123 244 2150 ieflim
264 2122 323 2155 ipse
345 2129 408 2149 cum
427 2123 508 2155 gravi
517 2123 629 2153 agmine
639 2123 731 2156 legio·
779 2121 833 2146 mis
843 2136 851 2148 ,
872 2119 902 2146 8<
920 2119 1003 2144 fimul
1013 2118 1102 2145 fames
1111 2118 1228 2151 litisque
1237 2124 1359 2151 corpora

150 2162 223 2182 num
233 2155 380 2187 procedit:
391 2159 493 2186 preter
503 2154 670 2186 opinionem
680 2155 729 2180 de·
778 2151 914 2180 afficerer,
924 2157 1006 2182 quam
1017 2157 1115 2176 manus
1124 2157 1188 2177 cum
1198 2150 1277 2176 hoste
1289 2156 1360 2176 con-

150 2188 283 2214 stinatam
293 2185 410 2213 suorum
420 2185 611 2213 hostiumazue.
625 2187 730 2211 Rorna-
781 2184 917 2209 sererent.
935 2184 1035 2214 ltaque
1053 2183 1191 2208 steterunt
1209 2180 1295 2208 scutis
1313 2182 1360 2207 in-

150 2225 192 2245 no
202 2219 296 2244 milite
305 2217 442 2244 corni-bus
453 2218 574 2244 firmatis
584 2234 592 2244 ,
604 2215 688 2244 sociis
701 2218 732 2243 in
749 2219 753 2236 ⁴

150 2250 271 2276 mediam
281 2250 369 2276 aclem
377 2250 507 2275 amenti<⁴
527 2249 669 2275 Asdrubal
680 2250 734 2274 cla-

155 2288 236 2308 more
245 2283 375 2313 equitum
386 2281 536 2307 excitatus.
548 2287 580 2307 ut
590 2286 625 2305 ex
637 2281 732 2306 taber-

153 2313 260 2339 naculo
271 2313 403 2345 proiiluit
414 2329 422 2340 ,
442 2313 656 2343 tumultumque
665 2317 732 2337 ante

150 2345 267 2372 vallum,
276 2345 307 2380 β(
318 2344 534 2375 trepidationem
545 2342 660 2369 suorum
674 2359 681 2372 ,
701 2343 730 2370 Sc

151 2377 255 2409 procul
262 2377 341 2410 agua
349 2375 495 2410 regionum
505 2375 661 2408 fulgentia,
672 2376 731 2408 ple-

779 2215 855 2241 nixi.
874 2220 939 2240 nam
956 2212 1038 2244 super
1056 2213 1363 2244 caeteraelephantiet-

781 2249 836 2273 iarn
846 2263 854 2275 ,
866 2245 1046 2272 tumultuoso
1055 2252 1157 2279 genere
1166 2251 1267 2283 pugnae
1275 2245 1359 2275 equi-

782 2310 973 2337 consternari,
996 2310 1011 2335 e
1031 2309 1165 2335 cornibus
1185 2309 1214 2334 in
1233 2308 1357 2334 mediam

776 2342 866 2368 aciem
886 2340 941 2367 sese
958 2342 1130 2367 intulerant.
1168 2339 1241 2365 Fessi
1260 2339 1356 2371 igitur

776 2373 946 2407 corporibus
973 2370 1131 2404 animisque
1157 2371 1282 2400 retulere
1308 2377 1357 2415 pe:

895 2432 959 2466 ‘2

782 2284 842 2306 tum
870 2279 1045 2306 velitumque
1071 2278 1100 2304 St
1120 2277 1189 2302 levis
1204 2282 1358 2302 armatura
1402 2292 1405 2294 -
