1414 2655
471 123 688 156 Linea
732 118 774 151 V«

46 177 102 202 one
112 171 308 200 turbarentur.
318 168 398 196 inter
407 167 456 194 has
466 167 523 193 iras
530 166 590 199 ple-

0 186 9 229 Ι
25 209 30 213 ’
45 206 104 238 sin
122 206 238 232 Patres,
253 207 342 235 quum
363 199 475 226 tribuni
498 197 588 230 plebis

13 237 92 265 nunc
108 236 184 263 illud
203 238 312 267 tempus
325 232 380 259 efle
398 232 528 259 dicerent
538 230 592 268 iia-

14 269 150 297 biliendoe
159 265 301 294 libertatis
308 280 316 293 ‚
325 264 354 291 δε
363 264 399 289 ab
407 263 514 294 Sergiis
523 262 592 287 Vir-

15 298 161 360 fiiniisque
179 298 214 325 ad
231 296 355 330 plebeios
364 296 440 322 viros
458 295 548 321 fortes
557 299 591 319 ac

7 346 9 348 -
41 337 147 358 rennos
164 327 356 357 transferendi
377 326 481 353 summi
499 326 591 351 hono-

17 363 76 391 ris:
97 368 159 389 non
177 367 272 388 tamen
280 360 368 387 ultra
377 356 530 390 processum
540 356 590 384 est,

14 400 102 433 guam
118 398 153 421 ut
169 398 246 419 unus
268 396 305 417 ex
323 390 419 423 plebe,
436 388 594 420 usurpandi

30 427 90 453 uris
105 424 212 455 cautla,
231 423 261 449 1¹.
271 422 404 450 Licinius
418 421 523 447 calvus
543 420 598 447 tri-

40 462 116 485 uuus
138 457 265 483 militurn
289 453 432 482 consulari
457 451 596 485 potestate

19 493 182 517 crearetur:
200 486 294 514 caeteri
312 484 426 518 patricii
443 485 531 511 creati
559 483 593 508 P.

23 521 156 549 Manius,
166 520 203 546 L.
213 517 354 545 Titinius.
363 516 396 541 Ρ.
407 516 520 541 Maelius
531 531 539 544 ,
557 515 594 541 L.

21 553 129 580 Furius
139 550 328 578 Medullinus,
335 547 518 574 L.1’ublilius
525 547 600 572 Vol-

20 583 94 611 scus.
118 582 182 616 Ipia
200 580 293 615 plebes
310 580 468 605 mirabatur
485 578 514 604 se
533 583 597 605 tan-

25 621 83 643 tam
93 621 151 642 rem
162 612 316 640 obtinuisse
326 628 335 641 ‚
345 617 403 637 non
415 611 437 637 is
446 610 534 636 modo
545 610 597 642 qui

23 652 135 675 ereams
149 650 211 673 erat
223 651 230 676 ;
249 644 294 670 vir
304 643 393 669 nullis
401 646 466 669 ante
476 642 598 668 honori·

25 678 78 706 bus
87 677 172 706 usus,
192 681 272 703 vetus
292 673 545 703 tantumsenator‚
564 673 595 700 Sc

23 714 107 737 :etate
122 710 178 741 jam
196 708 299 741 gravis.
318 708 379 743 Nec
396 704 461 732 satis
480 705 598 732 constat,

24 748 77 769 cur
96 742 203 773 primus
223 746 254 766 ac
273 738 430 773 potissunus
448 737 484 763 ad
493 743 599 763 novum

27 772 211 800 delibandum
220 772 359 797 honorem
371 771 404 796 ut
415 769 541 795 habitus.
559 770 600 794 A-

24 805 61 832 lii
85 806 140 831 Cn.
151 803 279 829 cornelii
300 802 398 828 fratris
409 817 417 830 ‚
436 801 487 831 qui
504 801 600 826 tribu-

29 842 86 863 nus
104 836 228 863 militum
240 834 334 868 priore
344 839 420 860 anno
431 831 533 861 fuerat,
547 832 601 858 tri-

25 868 151 901 plexque
168 866 338 899 stipendium
353 864 500 896 equitibus
518 863 603 890 dede-

29 903 75 926 rat
84 915 93 928 ‚
113 899 205 932 gratia
214 898 373 923 extractum
383 897 419 923 ad
427 900 540 922 tantum
551 895 604 919 ho-

26 936 126 957 norem
137 930 268 956 credunt.
286 929 336 955 alii
345 931 503 954 orationem
513 924 606 958 ipsum

27 962 217 995 tempestivam
237 961 272 987 de
288 959 443 987 concordia
458 958 605 985 ordinum,

30 994 162 1021 Patribus
187 992 319 1025 plebique
343 997 450 1023 gratam
469 988 602 1016 habuifle.

31 1026 94 1055 Hac
112 1025 231 1052 victoria
249 1023 432 1050 comitiorum
444 1022 607 1048 exultantes

33 1057 146 1085 tribuni
165 1056 270 1089 plebis,
288 1055 366 1087 quod
392 1055 513 1080 maxime
530 1059 607 1078 rern-

34 1089 114 1122 publ.
134 1087 316 1118 impediebat,
326 1087 361 1112 de
373 1087 483 1112 tributo
493 1084 607 1119 remise-

33 1125 114 1148 runt.
139 1120 276 1147 collatum
300 1118 467 1145 obedienter
483 1116 608 1143 mistum-

35 1159 93 1186 que
101 1152 138 1179 ad
147 1151 303 1177 exercitum
312 1150 363 1176 est.

67 1184 136 1216 Cap.
147 1184 173 1208 X
183 1183 197 1208 Ι
208 1183 222 1208 1
235 1183 259 1208 1.
272 1184 376 1207 Anxur
386 1181 416 1207 in
427 1179 538 1206 Volscis
546 1180 612 1205 bre-

32 1215 62 1243 vi
71 1220 214 1248 receptum
223 1214 270 1243 est,
281 1212 414 1248 neglestis
423 1212 469 1239 die
479 1212 549 1237 festo
560 1217 611 1237 cu-

35 1247 135 1275 stodiis
153 1246 243 1273 urbis.
267 1245 391 1275 Inmunis
406 1248 499 1270 annus
518 1243 610 1269 hieme

54 1278 128 1305 elida
138 1285 170 1305 ac
179 1276 276 1303 nivosa
285 1275 425 1302 fuittadeo
435 1281 467 1301 ut
477 1274 528 1301 viae
537 1274 613 1301 elau-

51 1310 85 1339 ῖε,
95 1310 210 1336 Tiberis
220 1308 417 1339 innavigabilis
428 1306 530 1333 fuerit.
550 1307 610 1331 An-

39 1347 118 1369 nona
141 1347 178 1367 ex
201 1344 268 1366 ante
285 1339 416 1365 convcsta
435 1339 517 1370 copia
534 1336 609 1362 nihil

39 1373 170 1400 mutavit.
188 1373 227 1398 Et
235 1372 302 1403 quia
321 1371 353 1396 P.
365 1370 497 1396 Licinius
507 1385 515 1397 2
525 1373 557 1394 ut
569 1375 612 1394 ce-

37 1409 120 1441 perat
138 1404 214 1430 haud
223 1401 400 1429 tumultuose
418 1401 612 1433 magistratum

40 1442 146 1467 majore
165 1435 268 1468 gaudio
277 1434 377 1466 plebis,
387 1439 470 1465 quarn
480 1432 616 1462 indigna-

40 1468 121 1496 tione
131 1468 256 1494 Panum,
266 1467 306 1492 iza
313 1466 398 1491 etiam
408 1464 488 1497 geflit
499 1470 507 1494 ς
519 1463 616 1498 dulce-

41 1500 82 1527 do
92 1499 193 1525 invasit
204 1498 339 1530 proximis
347 1496 471 1523 comitiis
482 1495 616 1521 tribuno-

44 1536 108 1557 rum
119 1530 242 1557 militum
253 1529 377 1561 plebeios
387 1527 512 1554 creandi.
532 1527 616 1552 Unus

633 163 687 197 giis
703 168 736 189 ac
753 161 855 189 litibus
869 161 1068 193 temperatum.
1095 128 1214 188 vinffl75

635 202 752 228 quoque
767 194 882 226 dempta
900 194 930 219 in
948 198 997 218 eos
1005 191 1208 219 diesvincula.

635 226 772 263 religioni
788 226 894 252 deinde
911 222 1012 253 fuisse,
1025 222 1134 261 fluibus
1151 230 1214 249 cam

635 266 718 290 opem
734 258 785 284 Dii
794 257 939 285 animent,
958 255 1072 282 vinem.
1091 255 1216 281 Interim

636 291 672 317 ad
693 289 781 316 Veios
800 294 894 315 terror
904 286 1057 317 multiplex
1066 285 1144 317 fuit3
1164 286 1221 312 tti-

639 322 692 349 bus
707 322 740 347 in
758 327 848 346 unum
860 320 942 347 bellis
950 318 1075 346 collatis.
1092 323 1217 349 namque

637 354 738 380 eodem
755 359 814 385 quo
824 357 909 378 antea
917 350 1004 377 modo
1014 366 1024 380 ‚
1042 350 1115 376 circa
1124 350 1222 376 muni-

640 391 737 412 menta
744 390 848 416 ‚nquam
857 387 974 414 repente
991 383 1148 414 Capenates
1156 380 1215 406 Fa·

638 416 758 449 liscique
775 415 901 441 subsidio
910 412 1048 440 veniffent
1060 428 1068 441 ‚
1086 411 1222 440 adversus

641 455 698 476 tres
707 448 851 475 exercitus
861 445 981 478 ancipiti
992 444 1098 477 proelio
1107 449 1218 476 pugna-

644 486 705 507 tum
723 480 773 505 est.
791 481 870 505 Ante
887 476 1104 507 omniaadjuvit
1113 482 1221 502 memo-

641 512 684 538 ria
708 509 900 538 damnationis
919 507 1008 540 sergii
1031 508 1061 535 &
1081 506 1224 539 Virginii.

641 544 740 574 itaque
749 542 906 568 ma‘oribus
916 540 1013 568 castris
1025 556 1034 568 ‚
1051 539 1128 566 unde
1137 543 1222 565 auten

642 575 773 602 cessatum
818 579 895 602 erat,
913 571 1091 602 brevispatio
1101 571 1225 597 circum-

643 607 734 633 duetae
758 606 867 637 copim,
891 606 1049 635 Capenates
1066 603 1097 628 in
1116 602 1224 628 vallum

644 640 808 665 Romanum
818 636 910 663 versos
918 636 953 662 ab
962 640 1044 665 tergo
1053 633 1229 666 aggrediun-

645 677 704 698 tur.
723 670 794 696 Inde
804 675 898 701 pugna
909 672 1002 699 coepta
1011 666 1039 693 St
1048 665 1164 692 Faliscis
1177 666 1227 692 in.

645 702 717 730 tulit
734 707 872 728 terrorem
883 715 892 728 ‚
910 696 1092 731 trepidantes
1105 703 1140 723 ue
1160 703 1228 723 eru-

647 734 710 767 ptio
720 739 767 759 „ex
785 732 880 759 castris
888 739 926 763 op
946 736 1051 756 ortune
1063 729 1090 755 fa
1104 729 1133 754 ta
1143 735 1223 754 avet-

647 767 696 793 tit.
709 764 837 796 repulsos
845 764 912 790 dein
936 770 950 788 e
961 760 1082 792 insecuti
1093 760 1226 789 vit-iores,

648 799 792 829 ingentem
812 795 966 821 ediderunt
981 793 1092 819 caedcrn.
1112 791 1172 822 Nec
1183 791 1226 818 ita

648 829 742 855 multo
752 827 813 861 post
822 828 880 858 jam
890 826 1016 857 palantes
1026 841 1034 853 ‚
1045 823 1136 849 veluti
1147 822 1227 849 forte

648 862 738 887 oblati
749 876 757 887 ‚
776 858 959 892 populatores
975 855 1128 887 Capenatis
1144 855 1228 887 agri,

648 892 784 924 reliquias
814 895 914 922 pugnze
934 919 941 926 ¹
956 886 1133 918 absumpsere
1152 894 1159 911 .·
1194 886 1225 912 Se

651 923 819 950 veientium
852 921 1023 952 resumentes
1056 919 1088 944 in
1126 918 1226 945 urbem

652 956 738 982 multi
748 960 815 980 ante
824 958 920 985 portas
927 949 988 978 caefi
997 967 1004 978 ‚
1023 949 1092 976 dum
1102 955 1159 981 prae
1170 954 1228 974 me-

651 992 693 1015 tu.
721 993 756 1012 ne
774 986 857 1011 iimul
883 986 1031 1010 Romanus
1049 982 1233 1014 irrumperet,

651 1019 770 1078 obiesffis
780 1016 889 1044 foribus
898 1019 1041 1043 extremos
1049 1012 1168 1041 suorum
1177 1017 1229 1039 ex-

653 1058 668 1077 c
682 1058 700 1076 u
715 1056 772 1076 ere.
1018 1064 1021 1067 -

688 1084 758 1114 Cap.
777 1082 802 1106 X
812 1081 827 1107 1
837 1080 875 1105 V.
893 1080 960 1106 Have
971 1084 1005 1104 eo
1013 1077 1090 1103 anno
1099 1076 1169 1103 asta.
1187 1076 1229 1103 Et

653 1116 711 1147 jam
731 1114 846 1141 comitia
864 1112 1047 1138 tribunorum
1065 1109 1189 1135 militum
1201 1114 1232 1134 a·

656 1147 757 1173 derant
767 1161 776 1173 ,
796 1150 920 1176 quorum
937 1148 1026 1175 prope
1037 1140 1128 1171 major
1138 1139 1233 1166 Patri·

656 1179 708 1205 bus
717 1183 801 1209 quam
811 1176 880 1201 belli
889 1180 938 1201 cur
963 1178 1042 1200 erat:
1056 1172 1160 1204 quippe
1170 1176 1232 1197 uon

654 1209 895 1236 communicatum
904 1205 953 1231 mh
972 1213 990 1231 ο
1000 1211 1063 1231 cum
1074 1204 1156 1235 plebe
1166 1219 1174 1230 ,
1185 1202 1237 1228 sed.

654 1248 743 1275 prope
761 1239 887 1266 amilium
903 1234 1236 1264 cernentibussummum

657 1272 819 1305 imperium.
836 1273 937 1302 Itaque
955 1267 1112 1294 clariflimis
1121 1266 1190 1293 viris
1198 1269 1235 1292 ex

661 1304 817 1336 composito
837 1302 1000 1334 pra-paratis
1017 1300 1054 1326 ad
1065 1298 1230 1330 petendum,

658 1342 730 1366 quos
746 1332 934 1367 praetereundi
956 1330 1154 1358 verecundiam
1173 1336 1236 1355 cre-

658 1369 760 1393 derent
770 1366 844 1397 fore3
857 1364 1047 1391 nihilominus
1057 1362 1109 1393 ipfi
1120 1378 1128 1390 ‚
1140 1361 1238 1393 perin-

659 1400 695 1425 de
705 1406 737 1425 ac
756 1398 778 1423 fi
787 1404 884 1424 omnes
894 1395 1037 1423 candidati
1047 1393 1144 1421 essent,
1163 1398 1234 1418 cun-

659 1431 702 1457 sta
711 1431 889 1461 experientes
900 1444 907 1457 ,
924 1434 984 1453 non
995 1427 1126 1452 homines
1136 1424 1236 1453 modo,

659 1462 708 1489 sed
719 1463 793 1487 Deos
803 1462 888 1487 etiam
906 1458 1086 1489 excipiebant
1099 1463 1107 1488 ;
1126 1456 1156 1482 in
1168 1455 1239 1481 reli·

660 1495 774 1525 aionem
786 1496 926 1519 vertentes
936 1490 1049 1516 comitia
1058 1488 1176 1515 biennio
1186 1487 1243 1513 has

660 1527 738 1552 bita:
756 1526 853 1557 priore
871 1528 947 1548 anno
959 1520 1168 1547 intolerandam
1179 1518 1243 1545 hie-

45 1562 92 1589 M.
110 1562 246 1589 Veturius
261 1566 296 1587 ex
314 1560 442 1593 patriciis
458 1557 619 1584 candidatis
663 1564 753 1584 mem.
782 1553 975 1588 prodigiisque
991 1553 1098 1579 divinis
1115 1550 1237 1584 similem

48 1593 142 1620 lomm
152 1593 256 1619 tenuit.
274 1591 397 1623 plebeios
406 1591 476 1617 alios
486 1590 620 1616 tribunos
637 1600 640 1620 t
665 1593 792 1615 coortam
805 1587 958 1617 :proximo
967 1590 1027 1610 non
1037 1583 1177 1615 prodigia,
1188 1582 1238 1607 led

48 1624 173 1652 militum
192 1622 332 1651 comitiari
359 1623 495 1654 potestate
520 1627 619 1648 omnes
661 1621 719 1649 jam
728 1623 846 1645 eventus
858 1634 865 1647 ,
875 1618 990 1650 pestilen
996 1616 1064 1641 tiam
1073 1615 1148 1646 agris
1157 1613 1241 1639 urbi-

48 1655 109 1683 sere
134 1655 268 1684 centul-ire
293 1654 407 1681 dixere,
435 1655 479 1679 M.
497 1653 619 1678 Pomon-

45 1689 129 1715 nium
139 1703 148 1717 ,
165 1688 200 1713 C.
210 1686 339 1714 Duilium
349 1701 358 1715 ‚
378 1686 551 1712 Voleronem
563 1681 620 1710 I’u-

47 1719 163 1746 billium
172 1735 181 1749 ,
191 1720 246 1744 Cn.
255 1719 424 1744 Genucium.
434 1719 470 1743 L.
482 1716 619 1742 Atilium.

47 1751 170 1778 Tristem
186 1750 323 1779 hiemem,
344 1748 401 1775 five
409 1756 444 1775 ex
454 1748 622 1780 intemperie

23 1791 28 1796 ·
45 1782 130 1811 eoeli.
150 1781 253 1814 raptim
270 1781 430 1807 mutatione
453 1781 482 1806 in
507 1785 622 1805 contra-

43 1814 124 1841 rium
134 1813 214 1843 faeta,
224 1813 281 1839 five
289 1812 342 1839 alia
351 1818 406 1845 qua
416 1812 451 1839 de
460 1811 610 1842 causta.f⁷ra

46 1846 91 1873 vis
110 1845 295 1878 pestilenique
311 1844 443 1878 omnibus
452 1829 622 1869 animalsizus

49 1876 126 1915 aestas
135 1877 258 1909 excepit.
276 1876 356 1907 cujus
368 1874 518 1909 imai-,abili
530 1874 625 1907 perni-

46 1915 92 1936 tie
111 1909 226 1941 quando
240 1914 292 1934 nec
310 1906 396 1933 caussa
407 1913 458 1932 nec
467 1906 534 1932 finis
545 1906 624 1932 inve-

49 1939 199 1969 aiebatur,
217 1939 287 1965 libri
305 1939 439 1971 Sibyllini
456 1943 491 1963 ex
502 1936 624 1963 senatus-

49 1970 184 1998 consulto
204 1970 276 1997 aditi
286 1968 364 1996 sunt.
376 1969 528 1995 Duumviri
539 1967 624 1995 sacris

50 2001 211 2030 faciundis,
232 2001 403 2029 lestisternio
422 2007 491 2028 tunc
501 2001 624 2031 primum

50 2033 85 2070 ln
103 2035 172 2061 urbe
181 2034 310 2060 Romana
321 2033 393 2059 fasto
403 2048 412 2061 ‚
431 2039 482 2064 per
491 2032 549 2058 dies
559 2031 624 2057 ocio

53 2066 229 2098 Apollinem,
243 2066 441 2096 Latonamque
450 2064 479 2091 8<
491 2064 623 2092 Dianam,

53 2097 206 2133 Herculem
215 2113 223 2125 ,
236 2096 410 2123 Mercurium
421 2101 506 2127 atque
517 2095 629 2127 Neptu-

42 2132 132 2161 num,
141 2129 328 2161 tribus‚quam
338 2134 380 2153 arn
401 2126 500 2153 lissime
509 2130 570 2153 tum
580 2132 630 2159 ap-

53 2161 148 2218 ffirati
159 2159 375 2192 poterat.stratis
397 2158 463 2184 estis
472 2158 626 2189 placavere.

94 2191 191 2219 ivatim
209 2197 325 2224 quoque
343 2190 374 2217 id
391 2190 498 2216 iactum
507 2189 630 2215 celebra-

55 2224 118 2250 tum
128 2223 177 2249 est.
194 2226 255 2249 tota
263 2223 333 2249 urbe
344 2221 507 2251 patentibus
517 2220 627 2252 januis,

56 2253 273 2288 promiscuoque
291 2252 342 2280 usu
353 2259 448 2279 rerum
456 2253 584 2279 omnium
597 2251 629 2277 in

57 2286 213 2319 propatulo
226 2286 335 2318 polito,
357 2289 442 2310 notos
461 2282 581 2315 ignotos
594 2290 631 2309 ue

77 2316 151 2343 aflim
168 2318 286 2345 advenas
310 2317 341 2342 in
359 2315 514 2348 hospitium
531 2315 585 2341 du(
601 2320 633 2340 os

89 2353 165 2376 runt:
179 2349 207 2376 δι
218 2355 283 2374 cum
293 2347 416 2374 inimicis
444 2353 540 2384 unque
551 2346 630 2372 beni·

53 2381 110 2415 me
119 2387 151 2410 ac
160 2381 279 2410 comiter
287 2353 559 2408 sermones‘ixamtos,
569 2378 632 2411 jur-

665 1658 721 1683 que
739 1652 848 1678 illatam
863 1666 870 1679 ‚
893 1648 967 1675 haud
985 1646 1072 1673 dubia
1082 1647 1124 1672 ira
1132 1647 1239 1672 Deum.

665 1689 737 1716 quos
754 1682 837 1714 pestis
856 1681 916 1711 ejus
932 1679 1059 1706 arcendae
1077 1677 1166 1703 caussa
1182 1676 1242 1708 pla-

662 1716 768 1742 candos
776 1714 837 1740 esse:
852 1713 881 1738 in
892 1712 973 1738 libris
982 1709 1129 1736 Fatalibus
1140 1709 1242 1735 inven-

667 1753 727 1773 rum
737 1746 784 1772 iit.
803 1744 937 1771 Comitiis
949 1759 956 1769 ,
967 1741 1110 1774 auspicato
1121 1747 1183 1772 quae
1193 1740 1246 1765 fie-

667 1783 752 1809 rent;
768 1776 921 1809 indignum
936 1775 1001 1800 Diis
1018 1772 1109 1799 visum
1119 1773 1248 1798 honores

611 1824 623 1829 -
668 1809 778 1841 vulgari
790 1825 798 1837 ,
807 1807 1027 1839 discriminaque
1034 1804 1164 1841 gentium
1175 1808 1246 1829 con-

667 1840 763 1867 fundi.
781 1842 972 1871 Praeterquam
988 1837 1129 1868 majestate
1169 1839 1250 1861 eten-

672 1873 744 1900 tium
756 1889 764 1902 ‚
773 1872 916 1903 religione
924 1870 1008 1896 etiam
1017 1867 1140 1895 attoniti
1170 1866 1246 1893 orni·

671 1910 738 1933 nes,
764 1903 900 1934 patricios
918 1907 1036 1937 omnes,
1059 1904 1167 1932 partem
1187 1903 1245 1924 ma-

670 1942 753 1968 gnam
764 1933 1011 1961 honoratissimum
1021 1936 1162 1962 quemque
1171 1946 1179 1959 ‚
1194 1929 1249 1956 tri·

672 1969 764 1994 bunos
788 1967 913 1993 militum
938 1962 1079 1990 consulari
1109 1961 1249 1994 potestate

670 2004 806 2026 creavere,
817 1999 853 2023 L.
865 1996 1012 2022 Valerium
1023 1994 1151 2020 Potitum
1163 1992 1253 2025 quin-

672 2035 753 2056 tum:
776 2028 978 2055 M.Valerium
999 2026 1179 2054 Maximum,
1203 2024 1250 2049 M.

675 2062 797 2089 Furium
816 2060 971 2087 camillum
997 2058 1117 2085 iterum,
1143 2057 1180 2082 L.
1190 2056 1252 2081 Fu-

674 2094 749 2120 rium
760 2093 954 2119 Medullinum
963 2090 1091 2118 tertium,
1112 2089 1148 2120 Q.
1159 2087 1254 2113 Servi·

676 2126 746 2152 lium
763 2124 931 2151 Fidenatem
959 2123 1082 2150 iterum,
1110 2118 1259 2151 qulpl·

678 2158 753 2184 cium
764 2155 948 2181 camerinum
961 2154 1076 2180 iterum.
1095 2152 1148 2177 His
1158 2151 1252 2177 tribu-

680 2189 726 2215 nis
742 2188 778 2214 ad
798 2187 884 2213 Veios
895 2186 971 2212 nihil
982 2184 1136 2211 admodum
1146 2187 1254 2208 memo-

678 2219 767 2246 rabile
785 2219 878 2245 astum
895 2218 944 2245 est.
962 2221 1024 2243 tota
1042 2215 1124 2242 visin
1134 2213 1258 2246 popula-

678 2251 808 2278 tionibus
829 2250 896 2277 fuit.
913 2250 979 2274 Duo
989 2246 1090 2273 summi
1102 2246 1257 2277 imperato·

681 2288 736 2311 res,
760 2282 874 2308 Potitus
893 2279 908 2305 a
923 2279 1066 2307 Faleriis,
1084 2277 1222 2303 camillus
1236 2273 1254 2301 ὲ

681 2316 721 2340 Ca
741 2320 794 2339 ena
815 2312 922 2345 praedas
933 2314 1060 2343 ingentes
1069 2314 1169 2341 egere3
1189 2307 1266 2334 nuh

677 2346 703 2372 la
735 2344 861 2371 ucolumi
882 2343 979 2369 relista
995 2348 1026 2369 te
1038 2357 1047 2373 ,
1062 2341 1110 2371 cui
1119 2339 1197 2367 ferro
1206 2342 1260 2366 aut

679 2377 742 2411 igni
750 2376 848 2405 noceri
859 2374 957 2409 posskt.
1185 2401 1262 2434 cap·
