1414 2655
147 179 250 204 erant.
276 172 378 201 Dauus
398 174 429 203 δε
457 175 568 205 marius
588 186 594 205 :
623 179 725 205 Dasius

149 206 291 234 Annibali
310 207 433 237 amicus,
459 209 569 236 Biafius
582 216 723 243 quantum

148 244 186 264 ex
206 244 273 266 tuto
292 242 405 269 poterat
415 255 423 268 ‚
441 246 500 267 rem
511 242 668 273 Romanam
680 243 726 269 fo-

147 270 233 297 vebat
244 280 250 296 :
269 269 368 308 &per
378 271 507 299 occultos
518 275 640 301 nuncios
651 275 724 307 spem

147 304 328 334 proditionis
339 302 445 329 fecerat
453 304 594 332 Marcello
604 322 612 334 ‚
631 306 678 334 sed
690 307 725 333 ss-

146 339 185 359 ne
203 334 337 365 adjutore
355 334 442 361 Dasio
462 342 506 363 res
525 336 643 370 transigi
663 345 722 364 non

143 370 271 398 poterat.
288 366 416 392 Multum
426 373 457 393 ac
466 368 516 395 diu
527 370 685 397 cunctatus,
696 371 725 396 St

147 401 211 423 tum
257 404 352 430 uoque
377 400 465 430 magis
489 400 587 432 inopia
611 402 725 428 consilii

143 404 289 461 potioris,
308 437 392 468 quam
404 430 448 460 spe
457 431 588 461 effictus,
608 434 725 459 Daiium

145 462 318 493 appellabat.
333 467 364 488 at
383 461 436 488 ille
455 470 544 495 quum
554 465 589 490 ab
600 472 630 491 re
647 472 725 491 aver-

140 490 210 522 sus,
229 499 291 520 tum
310 494 415 520 aemulo
442 501 609 524 potentatus
629 497 727 524 inimi-

145 530 215 553 cus,
234 532 293 551 rem
315 525 569 558 Annibaiiaperit.
587 529 727 555 Arcessito

148 561 295 594 utroque,
315 557 441 585 Annibal
460 564 548 589 quum
569 567 622 591 pro
633 561 725 587 tribu-

147 588 208 613 nali
228 590 353 619 quaedam
372 595 468 620 ageret
480 607 488 618 ‚
508 597 576 626 mox
585 592 621 618 de
632 593 726 618 Blazio

147 620 321 650 cogniturus
331 638 338 648 ι
348 621 510 653 starentque
519 625 663 650 lummoto
675 631 723 656 ρο-

148 651 222 682 pulo
239 652 387 679 accusator
403 652 434 679 Sc
459 660 542 681 reus:
561 656 672 683 matius
688 656 725 681 de

147 683 319 714 proditione
345 684 460 711 Daiium
486 687 657 719 appellabat.
688 688 726 712 E-

149 715 281 741 nimvero
300 716 351 743 ille
359 734 368 746 ‚
390 717 469 743 velut
479 718 509 744 in
520 718 667 745 manifesta
678 726 708 744 re
718 736 725 747 ,

148 747 305 775 exclamat,
325 748 377 774 iub
397 749 488 775 oculis
508 750 660 776 Annibalis
685 751 726 776 se-

147 784 212 804 cum
223 780 259 805 de
277 780 508 813 proditioneagi.
527 782 665 808 Annibali
686 788 727 808 at-

148 816 206 841 que
222 811 263 837 eis
282 812 332 844 qui
352 813 491 839 aderant.
511 820 569 843 quo
591 814 727 840 audacior

145 847 279 871 reserat.
298 843 393 870 minus
410 844 510 870 simius
531 844 588 871 veri
601 845 658 871 visa
676 846 725 871 est.

150 874 362 901 :emulationem
382 876 512 906 profesto
529 881 617 909 atque
625 878 726 904 odium

147 904 202 931 effe
215 914 220 920 ·
238 906 267 932 8<
280 906 306 932 id
317 907 423 933 crimen
434 907 531 934 afferri
542 925 549 932 .
561 909 647 939 quod.
660 909 727 940 quia

150 936 248 963 restem
260 937 362 965 habere
373 945 432 965 non
446 939 581 970 potuisiet
590 958 598 969 ,
607 940 727 967 liberius

146 967 273 1000 fingenti
290 969 339 1005 sit.
374 972 419 997 lta
437 971 506 996 inde
523 972 627 998 dimisti
647 971 724 998 sunt.

148 1005 204 1025 nec
223 1001 333 1027 Blaiius
350 1008 418 1029 ante
437 1003 548 1029 abstitit
565 1009 658 1030 tamen
670 1009 726 1030 tam

147 1032 250 1059 audaci
270 1033 404 1064 incepto.
422 1040 507 1064 quam
526 1035 601 1061 idem
620 1036 726 1061 obtun-

146 1063 245 1090 dendo
255 1079 264 1091 ‚
276 1064 464 1096 docendoque
472 1072 558 1097 quam
567 1074 599 1093 ea
610 1073 653 1093 res
661 1067 729 1097 ipfis

148 1095 303 1127 patriaeque
329 1096 464 1123 salutaris
488 1097 573 1126 effer,
596 1100 727 1130 pervicit,

149 1131 185 1151 ut
204 1127 366 1157 praefidium
385 1129 524 1155 Punicum
537 1145 545 1158 ‚
563 1131 728 1161 (quingenti

146 1163 243 1183 autern
273 1160 406 1186 Numidae
429 1161 534 1190 erant)
562 1162 728 1194 Salapiaque

147 1190 313 1217 traderetur
336 1192 485 1218 Marcello.
504 1192 566 1219 Nec
585 1192 645 1219 fine
654 1194 728 1220 crede

149 1221 240 1248 multa
261 1224 334 1249 tradi
353 1225 459 1255 potuit.
477 1224 564 1257 longe
580 1224 728 1252 fortiflimi

148 1255 280 1284 equitum
300 1260 367 1282 toto
378 1256 487 1282 Punico
496 1257 625 1283 exercitu
633 1260 727 1285 erant.

150 1285 252 1319 ltaque
262 1293 430 1320 quamquam
442 1288 594 1321 improvita
606 1296 648 1315 res
660 1290 727 1319 fuit,

149 1324 203 1343 nec
221 1319 287 1345 usus
304 1326 444 1351 equorum
463 1320 494 1346 in
504 1320 574 1346 urbe
583 1327 664 1352 erat3
685 1328 729 1348 ta·

150 1355 217 1375 men
227 1351 313 1377 armis
322 1352 397 1378 inter
406 1352 563 1379 tumultum
574 1354 663 1385 captis
673 1370 681 1382 ,
699 1353 728 1380 &

149 1383 334 1411 eruptionem
360 1388 568 1414 tentaverunt;
590 1385 620 1411 ὃς
638 1391 726 1415 quum

145 1414 267 1440 evadere
285 1416 442 1447 nequirent
453 1432 461 1444 ‚
473 1422 631 1446 pugnantes
639 1418 675 1443 ad
686 1417 732 1443 ul·

147 1445 254 1472 timum
274 1447 482 1474 occubuerunt.
501 1454 554 1473 nec
571 1448 634 1478 plus
643 1449 731 1480 quiu-

148 1477 288 1508 quaginta
313 1484 348 1504 ex
367 1479 411 1505 his
433 1480 463 1505 in
512 1479 658 1506 otestatem
676 1481 730 1505 ho-

147 1508 233 1535 stium
242 1510 300 1535 vivi
310 1516 459 1537 venerunt.
471 1519 487 1542 p
524 1510 590 1543 sque
600 1512 731 1543 aliquan-

152 1545 185 1567 to
197 1541 292 1567 damni
305 1542 362 1568 haec
372 1543 414 1567 ala
423 1544 553 1573 equitum
562 1544 655 1570 amisi}
669 1547 731 1569 An-

149 1572 240 1598 nibali
253 1590 259 1600 ,
271 1580 354 1604 quam
366 1576 474 1605 Salapia
483 1574 561 1601 fuit:
585 1582 637 1602 nec
648 1576 731 1601 dein-

148 1604 186 1630 de
196 1606 448 1635 umquami‘oenus
460 1608 530 1638 (quo
542 1606 628 1637 longe
640 1607 731 1639 pluri-

149 1642 228 1661 mum
240 1637 512 1668 valueratlequitatu
521 1637 651 1667 superior
661 1638 729 1665 fuit.

184 1669 255 1699 Cap.
274 1670 299 1693 x
314 1670 337 1693 X
348 1671 372 1694 X
386 1671 399 1695 1
411 1671 446 1694 x.
464 1670 603 1696 Periclem
616 1676 729 1702 tempus

149 1704 239 1731 quum
261 1701 290 1725 in
308 1707 370 1726 arce
390 1701 551 1727 Tarentina
569 1702 617 1727 vix
629 1702 729 1734 inopia

150 1731 314 1758 tolerabilis
329 1732 395 1759 esiet
407 1749 415 1762 ,
426 1732 500 1763 spem
510 1740 556 1758 om
562 1740 625 1759 nem
635 1734 730 1765 ρι’-τῦ-

149 1762 231 1787 dium
242 1765 319 1794 quod
332 1764 370 1791 ibi
380 1769 442 1790 erat
453 1766 616 1790 Romanum
626 1781 635 1793 ‚
658 1773 728 1797 prae-

150 1793 298 1830 festusque
308 1795 525 1828 praefidiiatque
534 1797 605 1823 arcis
622 1798 667 1822 M.
677 1798 728 1823 Li-

148 1829 212 1851 vius
224 1841 232 1854 ‚
254 1826 285 1852 in
297 1828 499 1854 commeatibus
509 1829 543 1853 ab
555 1828 652 1854 sicilia
664 1828 728 1855 mis-

147 1856 187 1883 fis
205 1857 353 1885 habebant.
371 1860 421 1891 qui
440 1864 475 1885 ut
496 1865 561 1886 tuto
581 1866 730 1889 praeterve-

148 1888 287 1915 herentur
305 1897 384 1916 oram
405 1892 495 1917 Itali-e
506 1909 513 1920 ‚
524 1891 613 1917 claffis
624 1893 729 1923 viginti

145 1918 237 1947 ferme
255 1923 370 1948 navium
391 1922 497 1953 Rhegii
515 1923 613 1949 stabat.
641 1924 730 1949 Praee-

147 1958 195 1989 rat
214 1953 290 1979 clasii
309 1953 567 1985 commeatibusque
586 1956 730 1989 Πομπ-

148 1987 209 2010 trus
221 1999 229 2012 ‚
245 1985 368 2012 obscuro
393 1992 497 2017 genere
525 1992 630 2017 ortus;
649 1993 730 2013 εκτε-

148 2017 332 2054 [um-multis
351 2018 477 2044 fortibus
485 2017 565 2044 factis
575 2018 667 2051 gloria
677 2019 729 2045 mi—

144 2047 227 2073 litari
237 2048 369 2075 illustris.
386 2049 481 2075 Primo
493 2050 625 2081 quinque
635 2056 728 2080 naves,

148 2085 272 2110 quarum
282 2081 409 2107 maximae
418 2081 482 2107 duze
495 2082 623 2108 triremes
632 2080 728 2108 aMar-

146 2111 224 2137 cello
242 2112 268 2137 ei
288 2112 402 2139 tradit-‘e
411 2118 514 2142 erant,
536 2113 656 2139 habuit:
677 2120 726 2146 po-

148 2142 205 2169 stea
216 2149 274 2169 rem
286 2144 404 2175 impigre
414 2144 483 2175 saepe
492 2145 603 2176 gerenti
613 2150 669 2172 tres
680 2146 730 2172 ad-

147 2174 218 2201 ditae
236 2175 475 2207 quinqueremes:
494 2176 635 2209 postremo
646 2175 728 2208 ipse&

147 2206 235 2232 sociis
245 2221 253 2235 ‚
274 2207 469 2239 Rheginisque
481 2224 489 2234 .
509 2207 538 2234 St
557 2209 572 2234 a
584 2207 728 2235 Velia&a

148 2238 257 2264 Paesto,
274 2238 383 2265 debitas
402 2245 436 2265 ex
458 2239 727 2273 foedereexigendm

146 2269 257 2296 clali‘em
267 2270 371 2301 viginti
384 2271 497 2297 navium
509 2287 516 2299 ‚
526 2271 598 2297 ficut
609 2277 675 2298 ante
685 2272 730 2298 di—

149 2300 226 2326 stum
243 2300 281 2327 est
295 2317 303 2329 .
324 2301 428 2328 effecit.
463 2303 541 2329 Huic
560 2303 594 2328 ab
614 2304 728 2335 Rhegio

148 2332 283 2364 profestoe
294 2332 369 2359 clafli
381 2350 389 2360 .
401 2335 583 2360 Democrates
592 2341 656 2361 cum
668 2335 729 2365 pari

146 2364 229 2391 classe
240 2365 355 2391 navium
367 2366 589 2392 Tarentinarum
600 2372 729 2394 numero,

154 2395 320 2429 quindecim
338 2397 430 2426 millia
449 2398 537 2426 ferme
555 2398 589 2426 ab
601 2398 673 2426 urbe
693 2398 729 2427 ad

607 132 652 167 Τ.
696 130 898 173 Livii

776 183 971 217 sacriportum
988 182 1092 210 obvius
1108 183 1178 211 mit.
1196 183 1278 213 velis
1288 187 1350 213 turn

775 214 855 241 forte
871 215 1053 250 improvidus
1074 215 1169 243 futuri
1186 219 1354 245 certaminis

777 247 925 275 Romanus
944 247 1083 274 veniebat.
1118 247 1165 275 scd
1183 250 1257 275 circa
1278 251 1353 277 cro-

774 283 871 305 tonem
890 280 1066 311 Sibarimque
1083 278 1261 313 suppleverat
1270 281 1355 307 remi·

774 311 823 340 gio
842 317 944 338 naves.-
964 311 1187 344 instructamque
1201 312 1230 339 8c
1260 318 1351 339 arma·

773 347 830 369 tam
842 350 907 375 egre
929 344 954 374 ie
963 351 1015 373 pro
1027 344 1224 374 magnitudine
1234 344 1352 371 navium

773 373 880 400 claflem
928 374 1039 401 abebat.
1068 376 1097 402 &
1120 380 1181 401 tum
1207 374 1284 401 forte
1301 374 1355 402 sub

774 405 849 431 idern
871 406 931 432 fere
950 412 1061 437 tempus
1079 407 1197 433 &venti
1209 407 1250 433 vis
1258 408 1356 434 omnis

771 438 875 464 cecidit
888 455 897 467 ‚
917 438 945 465 8t
963 438 1102 467 hostesin
1121 438 1271 471 conspeetu
1289 438 1355 465 fue-

771 475 818 495 re:
840 474 875 495 ut
891 470 926 496 ad
952 470 1148 500 componenda
1167 475 1353 500 armamenta,

775 501 1043 533 expediendumque
1063 502 1196 534 remigem
1227 508 1258 528 ac
1277 502 1357 529 mili-

774 536 831 558 tem
840 533 875 559 ad
887 533 1039 559 imminens
1049 539 1190 560 certamen
1201 533 1269 560 satis
1278 538 1352 560 tem·

773 565 852 592 poris
868 564 946 591 effer.
964 566 1042 591 Raro
1060 565 1128 591 alias
1148 566 1237 592 tantis
1246 565 1352 593 animis

771 595 851 626 justae
870 602 1090 633 concurrerunt*
1104 597 1198 624 classes
1218 605 1225 623 ι
1244 597 1354 631 quippe

773 634 861 659 quum
872 628 902 654 in
913 628 1028 659 majoris
1039 629 1189 655 diicrimen
1203 629 1254 656 rei,
1266 636 1351 660 quam

775 659 837 690 ipsae
856 665 955 687 erant.
978 665 1147 691 pugnarent.
1174 661 1353 689 Tarentini,

773 696 807 716 ut
827 696 990 722 recuperata
1006 692 1078 718 urbe
1096 692 1129 717 ab
1140 692 1280 719 Romanis
1291 691 1353 726 post

773 722 955 748 centesimum
980 729 1068 754 prope
1095 730 1201 750 annum
1220 739 1230 753 ‚
1257 730 1351 750 arcem

773 754 859 780 eriam
888 755 1044 780 liberarent
1062 761 1071 785 ;
1101 754 1148 786 spe
1181 760 1354 783 commeatus

773 792 890 819 quoque
916 786 1061 813 nostibus,
1086 786 1108 811 si
1126 786 1218 812 navali
1244 787 1352 818 proelio

775 816 968 849 poflessionem
979 818 1065 843 maris
1073 817 1249 846 ademissent,
1259 818 1354 844 inter-

772 847 903 875 clusuros
914 856 920 874 :
932 849 1056 875 Romani
1069 865 1077 878 ,
1098 853 1132 874 ut
1142 865 1150 877 ‚
1164 854 1276 875 retenta
1288 849 1353 880 pos·

771 880 891 906 senione
908 880 997 907 arcis.
1016 880 1201 907 ostenderent
1213 896 1221 910 ,
1243 887 1302 907 non
1323 881 1354 909 vl

771 918 820 938 aut
832 913 940 938 virtute
949 927 958 940 ‚
974 912 1020 938 sed
1042 912 1211 944 proditione
1219 918 1250 938 ac
1262 912 1354 942 fiirto,

774 946 930 969 Tarentum
951 942 1088 969 amissum-
1110 944 1214 975 Itaque
1224 950 1259 969 ex
1270 950 1354 970 utra.

773 983 829 1007 que
849 981 929 1007 parte
947 975 1028 1006 signo
1045 976 1114 1001 dato
1141 982 1230 1007 quum
1255 975 1355 1003 rostris

772 1007 977 1034 concurrissent
988 1024 996 1035 .
1009 1013 1100 1037 neque
1110 1012 1188 1041 retro
1199 1014 1296 1033 navem
1308 1007 1354 1033 in·

772 1039 906 1065 biberent
916 1055 924 1067 ‚
935 1045 987 1064 nec
996 1039 1093 1064 dirimi
1106 1038 1141 1063 ab
1152 1040 1180 1063 ie
1189 1039 1295 1065 hostem
1306 1046 1356 1070 pa-

772 1076 905 1097 terentur
915 1087 922 1098 ‚
942 1076 1024 1102 quam
1038 1070 1102 1102 quis
1111 1070 1245 1101 indeptus
1255 1077 1355 1097 navem

773 1108 852 1129 erar,
877 1102 969 1127 ferrea
987 1101 1089 1132 injecta
1101 1108 1185 1127 manu
1203 1108 1210 1130 ;
1232 1102 1272 1128 ita
1282 1108 1354 1128 con-

774 1133 905 1160 ferebant
922 1139 957 1158 ex
977 1133 1139 1165 propinquo
1157 1139 1278 1165 pugnam
1291 1148 1299 1161 ,
1317 1138 1354 1161 ut

775 1172 836 1191 non
854 1164 1003 1191 misiilibus
1023 1170 1151 1192 rantum,
1171 1164 1218 1191 sed
1247 1165 1353 1196 gladiis

773 1198 860 1222 etiam
878 1203 965 1229 prope
984 1197 1089 1222 collato
1117 1196 1187 1227 pede
1205 1202 1356 1228 gereretur

775 1235 832 1256 res.
851 1228 946 1255 I‘rorae
956 1228 1033 1255 inter
1044 1228 1071 1253 se
1081 1228 1186 1258 lunstae
1195 1228 1353 1258 hoerebant,

776 1266 882 1293 puppes
893 1259 989 1287 alieno
998 1261 1116 1289 remmio
1125 1259 1357 1291 circumageban-

774 1298 833 1319 tur.
852 1293 893 1319 ita
912 1293 941 1317 in
962 1292 1156 1322 aruostiparae
1166 1297 1249 1318 erant
1260 1298 1357 1322 naves.

775 1330 809 1350 ut
826 1325 874 1349 vix
892 1324 986 1350 ullum
1006 1324 1095 1350 telum
1117 1324 1146 1349 in
1164 1323 1235 1349 mari
1246 1330 1352 1350 vanum

775 1356 969 1383 intercideret.
999 1355 1147 1382 frontibus
1173 1355 1251 1382 velut
1270 1356 1357 1387 pede-

775 1387 839 1414 stris
854 1390 926 1414 acies
945 1394 979 1413 ur
1000 1388 1103 1414 ebant:
1124 1387 1282 1418 perviaeque
1304 1394 1356 1414 na-

776 1424 822 1445 ves
842 1393 1035 1452 pugnantifius
1054 1424 1148 1445 erant.
1165 1418 1289 1451 Insignis
1308 1425 1355 1446 ta-

777 1457 841 1476 men
861 1452 937 1477 inter
957 1456 1070 1487 caeteras
1089 1456 1184 1488 pugna
1204 1450 1263 1477 fuir
1281 1450 1356 1477 dua·

776 1489 840 1508 rum
851 1498 859 1511 ,
879 1489 941 1512 quae
982 1489 1060 1508 rimae
1069 1488 1189 1513 agminis
1201 1488 1359 1509 concurre.

776 1519 841 1539 rant
864 1514 942 1540 inter
972 1521 997 1539 e.
1019 1515 1052 1541 ln
1073 1512 1355 1544 Romananaveipse

776 1546 918 1576 Quintius
936 1550 1016 1574 erat,
1035 1546 1067 1572 in
1079 1546 1240 1572 Tarentina
1253 1546 1348 1575 Nico,

776 1579 821 1603 cui
834 1578 954 1603 Perconi
963 1577 1021 1604 fuit
1033 1584 1191 1610 cognomen
1204 1593 1212 1602 .
1232 1584 1291 1603 non
1305 1583 1359 1607 pu·

776 1609 851 1635 blico
864 1608 951 1633 modo
962 1626 970 1635 ,
992 1608 1039 1635 sed
1052 1609 1164 1640 privato
1173 1608 1259 1635 etiam
1280 1608 1352 1635 odio

775 1639 884 1667 invisus
893 1644 978 1671 atque
990 1640 1109 1667 infestus
1121 1640 1357 1670 Romanisquod

776 1673 837 1699 eius
859 1671 991 1697 factionis
1008 1677 1070 1699 erat
1083 1688 1091 1701 ‚
1110 1678 1172 1703 qure
1191 1673 1356 1699 Tarentum

777 1703 916 1730 Annibali
936 1704 1114 1734 prodiderat.
1133 1704 1188 1730 Hic
1198 1704 1356 1735 Quintium
1375 1732 1380 1738 Ι

775 1736 859 1761 iimul
869 1740 1041 1767 pugnantem
1052 1736 1274 1764 hortantemque
1285 1736 1366 1765 suos.

776 1768 920 1793 incautum
939 1766 1014 1792 hasta
1031 1767 1186 1797 transi-igit.
1206 1767 1255 1792 ille
1265 1773 1354 1799 arque

775 1805 896 1830 proeceps
906 1804 969 1823 cum
978 1799 1064 1824 armis
1076 1799 1200 1828 procidit
1210 1803 1276 1825 ante
1287 1806 1354 1829 pro-

775 1837 847 1855 ram.
865 1829 956 1855 vietor
974 1830 1151 1855 Tarentinus
1172 1831 1200 1856 in
1213 1829 1357 1856 turbatam

775 1863 847 1888 duce
858 1860 953 1887 amiffo
965 1868 1062 1887 navem
1073 1861 1192 1892 impigre
1203 1860 1360 1892 transgres-

774 1893 821 1920 sus
839 1909 848 1922 ,
868 1899 954 1923 quum
985 1893 1176 1919 summovisset
1197 1892 1287 1919 hostes
1300 1909 1307 1919 .
1325 1892 1356 1919 &-

776 1925 928 1957 proraiam
938 1925 1164 1950 Tarentinorum
1174 1924 1242 1951 effet
1254 1941 1262 1952 .
1285 1930 1358 1956 pup-

776 1958 833 1990 pim
855 1956 928 1981 male
946 1956 1112 1987 conglobati
1132 1961 1287 1982 tuerentur
1298 1956 1358 1981 Ro-

777 1988 874 2016 mani3
896 1993 1013 2019 repente
1033 1987 1062 2014 ὃ(
1072 1987 1128 2013 alia
1140 1986 1155 2013 a
1167 1988 1255 2018 puppi
1269 1987 1358 2014 trite·

776 2020 830 2045 mis
847 2020 969 2045 hostium
987 2019 1127 2050 apparuit.
1146 2020 1190 2045 lta
1209 2018 1239 2045 in
1258 2018 1356 2056 medio

776 2053 971 2078 circumventa
992 2052 1122 2077 Romana
1143 2050 1356 2082 nai-iscapitur.

776 2083 844 2109 hinc
854 2083 963 2109 caeteris
983 2088 1076 2109 terror
1089 2082 1210 2112 injectus
1220 2098 1227 2110 ,
1248 2087 1279 2108 ut
1288 2088 1359 2114 prze-

777 2115 881 2141 toriam
905 2121 1004 2141 navem
1031 2119 1139 2145 caPtam
1167 2114 1283 2139 videre:
1311 2111 1358 2139 fu·
1375 2130 1377 2132 .

777 2147 944 2178 mentesque
956 2146 1054 2178 passim
1064 2162 1073 2174 ‚
1092 2146 1155 2171 aii-'e
1166 2146 1196 2171 in
1207 2145 1268 2171 alto
1279 2151 1356 2170 mer·

778 2178 832 2205 sae,
851 2179 913 2204 aliae
932 2178 963 2203 in
985 2183 1086 2203 terram
1108 2177 1193 2203 remis
1219 2177 1355 2205 abreptae.

776 2216 844 2235 mox
868 2210 969 2241 praedae
996 2208 1078 2235 fuere
1098 2208 1242 2234 Thurinis
1261 2208 1356 2234 Meta-

776 2239 974 2273 pontinisque.
992 2246 1026 2266 ex
1045 2240 1273 2271 onoearils,quae
1291 2244 1356 2276 curn

777 2278 935 2299 commeatu
944 2272 1134 2304 sequebantur
1143 2287 1150 2299 ‚
1169 2276 1313 2309 perpaueae
1325 2274 1359 2296 in

780 2305 946 2343 potestatem
964 2303 1090 2329 hostium
1109 2309 1227 2340 veneref
1246 2302 1308 2340 {¹¹¹²
1317 2301 1355 2327 ad

780 2341 906 2362 incertos
916 2340 1017 2361 ventos
1035 2335 1105 2361 hinc
1113 2340 1200 2366 atque
1214 2333 1295 2359 illinc
1304 2333 1357 2359 ob·

777 2367 858 2399 liqua
867 2366 1073 2394 transferentes
1080 2366 1140 2392 vela
1152 2380 1162 2394 ‚
1179 2366 1209 2391 in
1220 2365 1309 2403 airum
1327 2369 1358 2389 e-

781 2400 864 2428 vectae
884 2396 964 2429 sunt.
982 2398 1170 2432 Nequaquam
1182 2403 1244 2430 pari
1263 2396 1364 2455 fortgg
