1414 2655
161 156 228 178 uam
261 148 393 176 iocorum
428 146 630 181 iniquitatibus
655 147 717 175 esse.

139 157 207 241 ²:1ss
217 182 353 216 gaudium
364 181 473 208 invidia
483 181 610 213 quadarn
622 179 718 207 misce-

179 219 246 241 tur:
263 213 342 246 quod
362 212 430 239 belli
450 213 575 240 Romani
592 213 677 240 duces
687 212 721 239 ab

140 246 315 273 samnitibus
325 244 488 272 fortuna‘ad
500 244 636 272 Etruscos
643 250 722 270 aver-

139 277 225 306 tisset.
244 278 285 304 ita
327 283 342 302 e
359 277 444 303 armis
461 277 585 310 virisque
593 277 630 304 ad
641 277 721 303 obre-

141 310 266 336 rendum
285 285 318 334 g.
330 309 472 336 Marcium
491 309 635 337 consulem
655 314 723 335 con·

139 343 253 368 currit:
273 341 406 372 protinus
424 341 491 368 inde
508 342 656 376 Etruriam
672 347 722 372 per

142 373 257 400 Marsos
277 379 309 398 ac
327 373 445 399 sabinos
473 374 594 404 etituri;
611 374 633 397 ii
645 373 723 398 Mar-

140 406 204 432 cius
212 405 369 431 dimicandi
381 407 456 435 porei
470 410 543 432 :item
554 411 613 431 non
624 404 722 430 faciat.

142 437 253 463 obvius
278 436 314 462 iis
333 434 434 463 consul
454 437 524 464 fuit.
552 436 720 463 dimicatum

141 468 250 502 proelio
259 468 406 501 utrimque
413 470 505 496 atroci
516 486 523 498 ,
535 473 621 500 atque
631 468 724 494 incer-

143 503 295 537 toneventu
303 499 343 526 est
355 508 362 524 :
381 499 411 527 St
421 507 509 532 quum
520 506 622 532 anceps
636 500 724 526 caedes

140 530 241 558 fuiffet
255 547 263 560 =
286 531 408 558 adversm
425 537 519 558 tamen
539 532 581 558 rei
600 531 675 558 fama
694 532 724 557 in

147 564 296 590 Romanos
305 563 392 590 vertit
402 579 411 592 ,
421 564 458 590 ob
467 563 576 591 amissos
585 563 724 595 quosdam

139 594 280 628 equestris
297 594 427 624 ordinis,
445 595 633 628 tribunosque
652 595 728 620 mili-

143 631 218 655 tum,
229 631 316 659 atque
325 632 415 653 unum
425 627 559 660 legatum,
569 627 598 654 Se
619 628 629 658 (
645 626 725 658 quod

143 658 257 692 iniigne
273 659 396 685 maxime
414 657 491 690 fuit)
518 659 644 686 consulis
663 659 728 692 ipiis

141 690 259 717 vulnus.
293 690 336 716 Ob
365 690 423 716 haec
448 692 534 718 etiam
552 692 633 718 auita
650 690 727 716 fama

143 722 194 779 pit
205 721 298 752 solet)
321 722 422 754 ingens
431 727 523 749 tei-ror
533 723 631 749 Patres
642 723 708 748 inva
715 735 727 740 -

158 759 182 780 it
194 762 201 780 :
215 753 441 790 dictatoremque
449 754 506 782 dici
519 754 643 785 placebat
655 763 661 780 :
675 760 727 780 nec

143 786 217 818 quin
238 787 345 812 Curior
365 786 494 819 Papirius
514 787 676 813 diceretur,
694 786 726 812 in

143 823 206 849 quo
226 822 288 844 tum
306 817 412 845 summa
430 819 471 844 rei
489 818 593 844 bellicae
605 818 727 851 poneba-

144 853 205 887 tur,
227 849 346 876 dubium
366 851 497 888 cuiquam
517 856 599 877 erat:
616 850 665 877 sed
677 856 728 875 nec

142 887 175 907 in
187 882 332 907 Samnium
343 888 482 909 nuncium
493 882 624 914 perferri,
635 883 727 908 omni-

144 912 198 939 bus
217 912 347 943 infestis,
364 919 432 939 tuto
455 913 546 943 poffe:
568 921 618 940 nec
637 914 730 939 vivere

140 944 289 980 Marcium
294 943 439 971 consulem
448 945 514 972 satis
523 946 661 972 fidebant.
679 945 730 972 Al-

145 980 190 1002 ter
209 977 314 1014 poniiil
333 977 438 1004 Fabius
457 977 576 1004 infestus
595 977 729 1012 privatim

145 1008 264 1040 Papirio
284 1013 346 1034 erat
368 1017 374 1034 .-
405 1016 468 1041 quae
488 1017 525 1036 ne
544 1010 586 1036 ira
606 1009 728 1036 obstaret

145 1039 227 1066 bono
238 1040 361 1078 publico,
370 1040 478 1074 legatos
488 1048 524 1068 ex
535 1041 729 1068 consularium

148 1078 272 1098 numero
299 1074 457 1099 mittendos
478 1074 513 1099 ad
533 1080 597 1100 eum
614 1073 730 1101 senatus

143 1102 274 1131 censuit:
316 1105 347 1131 ui
365 1104 414 1132 sua
432 1111 547 1137 quoque
566 1112 630 1132 eum
642 1121 650 1134 ‚
668 1111 729 1131 non

144 1135 259 1168 publica
270 1111 362 1174 soffum
375 1136 556 1172 austoritare,
568 1143 726 1167 mox-erent,

147 1172 183 1194 ut
201 1174 367 1194 memoriam
386 1169 566 1196 iimultatum
579 1169 675 1200 patrice
686 1175 730 1195 re-

145 1199 288 1226 mitteret.
306 1199 534 1234 Profestisslegati
554 1201 589 1227 ad
600 1201 729 1229 Fabium,

147 1237 239 1264 quum
250 1231 528 1259 senatusconsultum
538 1232 728 1261 tradidissent,

145 1263 369 1296 adiecissentque
386 1265 546 1290 orationem
556 1266 732 1290 convenien-

147 1300 208 1322 tem
219 1296 370 1325 mandatis,
384 1296 484 1323 consul
497 1297 620 1322 demissis
631 1297 662 1322 in
674 1302 730 1322 ter·

149 1333 213 1353 ram
225 1328 316 1363 oculis
327 1343 336 1356 ‚
357 1328 460 1354 tacitus
472 1328 507 1354 ab
519 1328 636 1354 incertis
646 1328 730 1361 quid-

147 1365 215 1386 nam
225 1359 293 1386 esset
303 1360 416 1395 asturus
425 1360 524 1394 legatis
534 1360 653 1386 receflit.
672 1366 729 1385 no—

149 1391 195 1417 ste
212 1392 317 1418 deinde
335 1392 450 1418 silentio
468 1393 523 1424 (ut
541 1399 602 1419 mos
612 1391 672 1422 est)
691 1392 728 1418 L.

148 1423 296 1456 Papirium
305 1423 471 1450 distatorem
481 1424 558 1450 dixit
567 1441 575 1452 ‚
587 1425 631 1450 cui
642 1430 731 1455 quum

146 1455 187 1494 qb
198 1456 325 1482 animum
335 1457 447 1490 egregie
456 1456 562 1482 vietum
572 1456 599 1482 le
619 1457 657 1482 ati
667 1462 728 1494 gra-

146 1491 205 1515 tias
223 1493 340 1521 agerent
358 1504 366 1517 ‚
393 1487 565 1515 obstinatum
595 1496 603 1513 i
619 1493 731 1514 entium

147 1519 279 1546 obtinuit
289 1536 297 1550 ‚
308 1526 340 1546 ac
349 1520 411 1546 fine
420 1520 557 1553 responso
565 1527 597 1546 ac
607 1520 732 1546 mentio-

148 1557 188 1577 ne
208 1550 277 1578 faeci
299 1551 354 1581 sui,
376 1552 484 1586 legatos
494 1551 618 1578 dimisit:
638 1556 672 1578 ut
682 1558 731 1584 ap-

148 1589 262 1616 pareret
292 1583 431 1618 insignem
457 1584 587 1611 dolorem
615 1583 730 1616 ingenti

145 1616 299 1648 comprimi
318 1617 426 1642 animo.
461 1616 592 1647 Papirius
620 1617 654 1640 C.
676 1615 730 1648 Ju-

147 1648 232 1674 nium
252 1647 413 1675 Bubulcum
422 1648 584 1681 magistrum
595 1648 728 1679 equitum

146 1679 227 1706 dixit
248 1687 255 1705 ε
285 1684 372 1713 atque
390 1681 416 1705 ei
435 1679 526 1714 legem
541 1679 684 1715 curiatam,
698 1679 734 1706 de

149 1711 276 1741 imperio
295 1712 405 1739 ferenti
422 1726 431 1741 ‚
454 1712 534 1738 triste
553 1717 635 1737 omen
655 1711 732 1736 diem

151 1743 261 1770 diffidit
281 1760 289 1772 ‚
323 1744 401 1776 quod
427 1744 538 1771 Fauciae
564 1743 648 1770 curize
673 1741 734 1768 fult

149 1775 325 1832 grincipium
344 1793 352 1806 ‚
380 1775 486 1802 duabus
508 1774 629 1807 insignis
647 1774 734 1800 cladi-

171 1813 204 1834 us
213 1824 220 1836 ‚
238 1813 325 1839 captae
337 1808 413 1834 urbis
423 1823 431 1836 ‚
447 1807 477 1834 ὃς
489 1808 626 1834 Caudinae
637 1806 711 1839 pacis
723 1813 730 1831 :

149 1840 234 1870 quod
261 1845 388 1872 utroque
405 1845 483 1865 anno
503 1839 630 1870 ejusdem
648 1838 734 1863 curiae

149 1872 249 1898 fuerat
269 1871 455 1904 principium.
484 1871 581 1897 Macer
600 1869 732 1896 Licinius

151 1904 240 1931 tertia
249 1904 334 1930 eriam
343 1903 434 1930 clade,
444 1909 507 1934 quae
518 1903 555 1928 ad
568 1903 730 1928 cremeram

148 1939 261 1968 accepta
281 1936 321 1962 est
341 1951 349 1965 ‚
369 1934 586 1963 abominandam
604 1940 665 1960 eam
685 1940 734 1960 cu-

149 1968 224 1994 riam
235 1966 317 1993 facit.

184 2000 253 2031 Cap.
272 2000 297 2024 x
310 2000 335 2024 Χ
346 2000 371 2024 Χ
381 2000 395 2025 1
407 2000 442 2024 X.
470 1998 601 2025 Dictator
622 1997 734 2030 postero

151 2029 201 2057 die
218 2030 352 2061 auspiciis
361 2030 490 2063 repetitis
501 2030 621 2063 pertulit
632 2030 732 2057 levem,

152 2062 184 2090 ec
202 2062 346 2096 profestus
356 2062 591 2097 cum—legionibus
602 2078 609 2090 ‚
629 2050 734 2088 ais'rer-

150 2101 246 2121 rorem
269 2095 392 2121 traducti
412 2094 509 2120 {ilvam
519 2093 674 2120 Ciminiam
685 2098 734 2119 ex-

151 2126 260 2154 ercitus
275 2132 366 2159 nuper
377 2126 430 2154 scri
452 2126 488 2152 tis
499 2141 507 2155 ‚
526 2126 562 2152 ad
573 2125 733 2159 Longulam

171 2159 302 2186 ervenit:
322 2159 426 2190 accepti
461 2164 498 2184 ue
516 2156 531 2183 ὲ
543 2157 654 2183 Marcio
666 2163 733 2182 con-

165 2191 213 2218 ule
223 2190 365 2218 veteribus
377 2190 451 2217 milit
465 2190 516 2215 bus
526 2205 534 2217 ,
546 2189 577 2215 ἰη
587 2189 675 2215 aciem
685 2195 733 2215 co-

150 2223 214 2257 pias
231 2222 334 2249 eduxit
356 2230 363 2247 :
392 2229 445 2249 nec
463 2221 556 2248 hostes
574 2220 732 2247 detrestare

125 2274 129 2279 .
152 2255 204 2281 visi
226 2261 358 2288 pugnarn.
378 2253 529 2281 Instrufios
548 2252 734 2288 deindeffiar-

153 2286 251 2313 matos
247 2293 302 2318 que
314 2287 323 2317 (
335 2292 423 2318 quum
433 2285 466 2312 ab
485 2285 594 2311 neutris
604 2284 733 2315 praelium

152 2317 313 2350 inciperet)
333 2324 394 2344 nox
404 2316 552 2356 oppreflit.
570 2316 668 2348 Qieri
681 2316 736 2354 ali-

151 2350 290 2380 quamdiu
309 2366 317 2379 ‚
336 2355 388 2376 nec
405 2348 464 2375 suis
484 2347 648 2375 diffidentes
666 2355 735 2374 viri-

151 2379 224 2412 bu5.
246 2388 299 2411 nec
308 2381 417 2411 hostem
429 2380 616 2416 spernentes,
635 2379 735 2410 stativa

673 102 914 138 Livii
1346 122 1350 125 »

768 147 798 174 in
808 148 973 182 propinquo
984 147 1117 176 habuere.
1134 147 1248 177 lateret
1256 149 1344 178 resin

769 180 888 208 Etruria
905 180 997 214 gestae.
1015 186 1079 207 nam
1101 180 1206 208 &cum
1217 182 1347 211 Umbro.

767 218 832 238 rum
848 213 977 240 exercitu
995 212 1055 239 acie
1071 212 1265 246 depugnatum
1284 215 1346 244 est:

768 243 823 271 fufi
841 249 936 271 tamen
956 245 1045 277 magis
1061 251 1146 276 quam
1161 245 1223 272 caefi
1241 245 1346 277 hostes.

767 275 835 308 quia
853 281 975 310 coeptam
992 277 1097 303 acriter
1113 283 1173 304 non
1185 277 1350 306 tolerarunt

768 314 892 342 pugnam
902 325 910 338 ‚
929 309 959 336 δε
978 309 1015 335 ad
1027 308 1197 336 Vadiinonis
1204 309 1299 336 lacurn
1309 310 1351 336 E-

770 340 860 367 trusci
877 339 939 374 lege
958 339 1065 367 sacrata
1082 341 1182 367 coacto
1199 341 1350 372 exercitu.
1361 357 1367 361 ι·

769 377 858 403 quum
868 373 912 398 vii·
922 372 1031 399 viruml
1065 371 1138 402 ilict,
1147 372 1265 405 quantis
1274 379 1353 408 nun·
1363 385 1367 393 -·

771 409 860 442 quarn·
873 379 1132 442 alias-anteefimui
1141 404 1230 438 copiis
1239 420 1249 433 2
1263 403 1352 432 timul
1364 418 1367 426 v

772 441 876 462 animis
885 436 1071 463 dimicarunt.
1089 440 1231 468 tantoque
1238 436 1349 462 irarum
1369 440 1371 442 ’

771 467 926 494 certamine
943 475 988 495 res
992 468 1071 503 gesta
1080 468 1120 495 est
1132 483 1141 498 ‚
1158 472 1194 495 ut
1203 468 1238 494 ab
1247 472 1352 495 neutra
1371 486 1375 487 γ

771 505 852 531 parte
869 499 962 527 emissa
979 500 1038 527 iint
1048 499 1124 532 tela;
1140 499 1244 534 gladiis
1272 505 1350 533 rigna

772 531 870 563 coepit,
879 531 908 558 8<
919 532 1053 558 acerrime
1063 530 1225 561 commiss’ad
1229 539 1246 564 p
1260 538 1279 558 o
1289 536 1352 558 cer-

772 564 879 590 tamine
897 564 977 596 quod
986 563 1239 596 aliquamdiuance
1257 570 1270 590 s
1280 562 1351 593 fuit.

771 596 884 621 accenia
895 596 951 622 est:
970 601 1003 623 ut
1015 602 1075 622 non
1086 602 1150 621 curn
1163 596 1202 622 Et
1252 595 1291 622 cis
1301 599 1349 622 to·

773 627 827 652 ties
843 627 924 653 vittis
935 643 943 657 ,
958 627 1006 654 sed
1018 634 1081 654 cum
1089 627 1185 659 aliqua
1195 634 1269 653 nova
1297 633 1348 652 eri-

772 663 801 684 te
820 659 964 686 videretur
974 659 1121 686 dimicatIo
1131 659 1194 687 effe.
1221 659 1262 685 Ni
1315 657 1370 684 ab·

771 690 832 716 ulla
841 697 919 723 parte
928 697 1059 717 movetur
1068 691 1144 724 fugae
1156 708 1164 720 ,
1182 690 1290 718 cadunt
1299 696 1355 716 an-

774 722 915 754 tesignani
933 730 941 748 :
968 723 998 750 sc
1019 729 1055 749 ne
1074 722 1224 749 nudentur
1243 728 1351 756 propu-

773 755 942 787 gnatoribus
950 754 1029 786 signa
1042 771 1050 783 ‚
1071 755 1106 781 fit
1117 761 1152 779 ex
1162 753 1368 789 secunda-pri·-

774 792 819 812 ma
828 786 910 812 acies.
930 786 975 812 Ab
983 786 1093 812 ultimis
1102 786 1206 813 deinde
1219 785 1350 813 sublidiis

773 818 865 844 cietur
880 817 961 844 miles
980 827 986 843 :
1014 818 1144 850 adeoque
1161 818 1198 845 ad
1214 817 1352 844 uminum

774 850 879 876 laboris
895 857 927 875 ac
947 849 1065 881 periculi
1083 854 1202 876 ventum
1221 849 1260 875 est
1281 865 1290 878 ,
1315 852 1353 875 ut

773 882 884 914 equites
900 882 1025 908 Romani
1041 897 1050 910 ‚
1079 881 1185 908 orniflis
1202 880 1303 914 equis,
1320 878 1359 908 ad

775 914 883 946 primos
901 913 1019 939 ordines
1039 913 1168 944 peditum
1180 929 1189 942 ‚
1208 919 1258 945 per
1266 918 1355 941 arma.

774 951 824 983 per
835 951 962 977 corpora,
972 943 1113 971 evaserint
1124 953 1131 970 :
1150 951 1181 971 ca
1192 945 1271 971 velut
1281 948 1358 979 nov-a

775 982 852 1004 inter
865 977 947 1004 fessos
958 982 1058 1003 exorta
1069 977 1141 1003 acies
1151 992 1159 1006 ‚
1183 976 1312 1003 turbavit
1319 975 1357 1002 ii-

775 1015 832 1042 gna
851 1008 1047 1035 Etruscorum.
1076 1009 1176 1034 Secuta
1186 1008 1291 1042 deinde
1302 1008 1357 1034 im-

776 1045 874 1073 petum
886 1047 994 1069 eorum,
1005 1045 1162 1071 utcumque
1172 1039 1270 1066 aflefta
1282 1043 1356 1068 erat,

775 1076 876 1100 caetera
884 1072 1045 1099 multitudo
1055 1087 1063 1101 ‚
1074 1072 1189 1098 tandem
1199 1070 1359 1108 perrumpit

776 1105 893 1130 ordines
910 1104 1045 1130 hostiurn.
1071 1104 1157 1130 Tunc
1175 1103 1251 1130 vinci
1269 1108 1360 1134 perti-

777 1137 857 1163 nacia
866 1141 959 1168 coepta
969 1151 979 1165 ,
1002 1135 1031 1162 &
1040 1135 1129 1161 averti
1139 1134 1279 1167 manipuli
1290 1133 1358 1172 qul-

778 1168 842 1195 dam
854 1176 860 1193 τ
879 1167 918 1196 sc,
928 1172 961 1195 ut
974 1166 1058 1194 semel
1068 1166 1171 1194 dedere
1181 1171 1356 1199 terga‚etiam

775 1201 926 1227 certiorem
946 1198 1081 1231 capessere
1098 1199 1206 1232 fugam.
1234 1197 1289 1224 Ille
1298 1197 1359 1230 pn·-

775 1232 934 1290 ssffiiscdm
951 1229 1359 1289 f⁰¹f2¹¹¹¹1²1vfff²e¹s¹³¹z¹i¹ssffii¹²f3

880 1271 963 1290 orum
1170 1279 1176 1286 .
1219 1270 1239 1287 e

774 1296 835 1322 acie
849 1296 930 1329 quod
938 1269 1136 1323 roborffffuitff
1153 1292 1241 1321 castra
1255 1298 1290 1319 eo
1301 1292 1357 1319 im-

776 1334 844 1360 petu
854 1333 945 1359 capra,
956 1327 1016 1353 dire
1036 1332 1131 1359 taque.

810 1361 880 1392 Cap.
898 1359 971 1384 XL.
1031 1359 1072 1384 ari
1091 1357 1211 1385 subinde
1229 1355 1358 1389 periculo

794 1391 930 1424 loriaeque
946 1396 1050 1418 eventu
1062 1391 1168 1417 beilum
1179 1390 1209 1415 in
1220 1388 1357 1414 samniti·

775 1398 828 1450 §us
847 1429 926 1452 erar,
947 1423 1016 1456 qui,
1038 1428 1139 1454 praeter
1157 1426 1271 1447 caeteros
1290 1419 1360 1446 belli

779 1460 926 1487 apparatus
936 1471 945 1483 ,
956 1460 990 1481 ut
998 1455 1070 1481 acies
1080 1453 1129 1480 sua
1138 1453 1263 1485 fulgeret
1273 1451 1358 1479 novis

777 1493 920 1514 armorum
932 1486 1108 1519 insignibus,
1126 1485 1270 1522 fecerunt.
1287 1484 1358 1510 Duo

778 1519 920 1545 exercitus
937 1522 1019 1544 erant
1033 1526 1041 1543 ε
1059 1517 1138 1544 scuta
1148 1517 1266 1543 alterius
1274 1521 1359 1544 auro,

779 1551 899 1577 alterius
916 1555 1037 1584 argento
1055 1550 1237 1576 caelaverunt.
1253 1547 1360 1573 Forma

779 1588 841 1609 erat
858 1582 952 1609 scuti:
972 1581 1113 1608 summum
1129 1581 1216 1607 latius
1235 1585 1292 1610 qua
1310 1584 1375 1615 pe·-

779 1614 840 1641 etus
849 1619 936 1652 arque
946 1614 1056 1652 humeri
1067 1617 1223 1650 teguntur,
1244 1610 1309 1637 fasti
1331 1616 1362 1637 ιο

780 1642 1363 1710 iiiiii?aiffltms'aenfiiisszszassz‘gi.

781 1715 911 1736 mentum
924 1717 931 1734 :
949 1709 979 1735 &
1000 1709 1144 1735 sinisti-um
1154 1713 1216 1734 crus
1226 1712 1309 1733 ocrea
1320 1711 1364 1732 te·

781 1742 878 1768 stum:
898 1740 983 1774 galeae
1002 1741 1139 1769 cristatae,
1161 1745 1223 1797 Ιἓιικ
1242 1737 1363 1772 speciem

782 1773 975 1806 magnitudini
986 1778 1138 1804 corporum
1148 1777 1164 1797 a

781 1837 905 1871 gentatis
914 1837 1009 1862 linteae
1017 1836 1156 1863 candidae.
1173 1835 1216 1860 his
1227 1834 1365 1860 deXtrum

783 1876 874 1896 cornu
897 1869 1016 1894 damme
1035 1868 1079 1894 illi
1097 1868 1128 1894 in
1147 1866 1260 1892 sinistro
1269 1865 1365 1892 confi-

783 1901 873 1927 ssunt.
891 1901 989 1926 Notus
1006 1899 1064 1930 jam
1085 1899 1225 1925 Romanis
1243 1903 1364 1930 appara·

784 1938 831 1959 tus
850 1931 1003 1966 lnfignium
1022 1937 1167 1958 armorum
1177 1929 1291 1956 fuerat:
1311 1928 1366 1955 do-

783 1965 880 1996 &ique
888 1962 904 1989 ὲ
914 1963 1032 1990 ducibus
1042 1968 1124 1990 erant
1134 1980 1142 1990 .
1154 1960 1299 1988 horridum
1311 1959 1367 1985 mi'-

785 1996 863 2022 litem
885 1992 933 2028 effi
951 1996 1047 2020 debere
1056 2001 1071 2025 ,·
1087 2000 1143 2021 non
1155 1993 1283 2020 caelatum
1293 1996 1366 2017 auro

786 2024 823 2060 (ἔν
842 2031 957 2060 argento
968 2043 976 2056 ,
987 2025 1040 2059 sed
1054 2025 1133 2059 firi-0
1146 2021 1369 2057 &ammissa-

784 2065 856 2085 mm.
884 2059 985 2092 quippe
1011 2058 1064 2084 illa
1090 2057 1211 2096 guda-m
1239 2055 1362 2085 verim,

783 2086 1037 2156 mmm&
1044 2093 1204 2158 αηΞῖἴῗΞΞέἶέ
1219 2092 1366 2156 Ἧῗιῑῖἕῑ

785 2160 830 2181 ra.
859 2153 1000 2181 Virtutem
1019 2150 1069 2186 effi*
1087 2151 1193 2179 militis
1223 2157 1307 2179 acm»
1325 2156 1366 2182 (9·

786 2187 883 2212 omnia
892 2185 944 2213 illa
953 2184 1109 2211 vifloriam
1113 2181 1198 2217 sequi
1210 2192 1218 2208 :
1232 2179 1269 2215 &-
1278 2183 1367 2208 ditem

786 2218 886 2251 hostem
921 2217 1059 2250 quamvis
1086 2215 1216 2250 pauperis
1243 2214 1367 2241 vitieris

784 2251 929 2283 praemium
939 2256 952 2282 ιζ
977 2256 999 2275 e.
1019 2249 1071 2276 ms
1082 2248 1190 2275 cursor
1198 2245 1312 2273 vocibus
1324 2247 1371 2272 in.

786 2283 903 2309 structos
928 2282 1034 2308 milites
1059 2281 1090 2307 in
1117 2279 1251 2314 proelium
1276 2277 1370 2316 ducit.

785 2317 890 2341 dextro
910 2314 969 2346 ipse
988 2318 1081 2339 cornu
1091 2311 1237 2338 consistit:
1255 2310 1372 2337 sinistro

785 2346 913 2380 praefecit
933 2345 1094 2378 magistrum
1113 2343 1253 2377 equitum.
1281 2340 1370 2368 Simul

784 2377 1019 2409 cummanum,
1039 2376 1139 2412 ingens
1149 2375 1280 2405 fuircum
1289 2372 1376 2435 ”affe

781 1806 851 1832 nicae
860 1804 966 1831 auratis
972 1804 1112 1831 militibus
1119 1771 1308 1829 verfi‘ggss‘s'gg,
1316 1775 1367 1828 tal}—
1413 1798 1414 1824 l
