1414 2655
499 92 723 128 Lunna
768 90 859 127 XL.

88 142 142 176 qul
167 142 203 170 acl
227 144 272 169 res
289 138 408 168 Graeciae
427 138 665 170 Macedoniaeque

85 175 219 203 *visendas
237 173 332 202 miffus
351 178 433 201 erat,
449 170 592 209 responsa·
601 170 669 197 data

43 210 45 213 '
88 206 170 234 mnt.
204 208 278 234 Aliae
295 206 410 239 regibus
426 211 459 231 ac
480 204 608 241 Rhodiis
625 209 669 227 re·

89 238 227 269 sponsum
235 238 275 265 est
287 254 296 268 ‚
306 238 414 270 legatos
424 237 460 263 ad
468 241 514 262 eas
525 242 568 262 res
576 233 669 261 visen-

90 271 141 299 das
151 270 298 298 missitrum
306 270 445 296 senatum.

124 304 197 335 Cap.
224 302 297 328 111.
333 302 376 326 De
396 300 533 329 Philippo
550 302 670 324 auxerat

89 340 187 361 turam
208 333 342 361 Marcius.
360 338 424 357 nam
437 333 477 358 ira
488 330 580 357 fecisse
591 336 664 358 eum,

90 372 154 398 quae
172 365 285 393 senatui
302 363 467 397 placuiffent
483 379 492 391 ‚
512 361 669 400 fatebatur,

90 404 125 425 ut
146 397 231 424 facile
249 401 398 428 appareret
419 412 427 424 ‚
458 401 517 421 non
538 395 670 420 diutius,

90 434 176 461 quam
189 429 292 456 necelle
304 428 369 455 ess'et
380 442 388 454 ‚
400 426 556 453 facturum.
574 431 668 463 neque

90 461 245 488 obscurum
255 465 325 488 erat,
337 459 667 485 rebellaturum,omma-

90 498 149 521 que
164 508 172 520 ‚
192 499 254 525 quae
263 497 333 518 tunc
342 495 437 523 ageret
446 491 620 519 diceretque,
630 495 664 514 eo

88 523 225 556 spectare.
243 524 308 555 Jam
329 524 452 556 primum
471 527 585 547 ornnem
605 519 667 558 fer-e

89 557 313 583 multitudinem
338 555 470 585 equitum
496 558 532 578 ex
558 558 669 589 rna-rigi·

90 587 146 614 mis
164 586 333 614 civitatibus
351 592 416 611 cum
435 584 554 611 familiis
564 586 665 610 luisrn

90 619 253 646 Emathiam
265 635 273 646 2
285 624 347 649 qure
357 616 564 644 nnncdicitur‚
576 621 670 646 quon-

90 651 155 677 dam
166 650 307 682 appellata
318 649 478 674 Paeoniaest
490 663 498 675 ‚
515 647 666 673 traduxit:

90 681 308 712 Thracibusque
325 681 353 706 Sc
372 681 437 707 aliis
446 680 578 716 *barbaris
586 678 670 704 urbes

92 715 217 741 tradidit
229 712 398 739 habitandas
410 721 416 738 :
435 712 542 737 fidiora
552 711 611 736 haec
620 716 666 741 ge-

89 752 159 771 nera
177 746 328 771 bominum
350 743 415 770 fore
426 744 544 769 ratusin
559 744 663 768 Roma-

93 783 134 803 no
154 777 241 803 bello.
260 778 409 807 Ingentem
419 782 451 802 ea
463 781 506 801 res
517 774 664 800 fremitum

90 812 155 835 tota
167 808 338 835 Macedonia
349 808 418 834 fecit
426 824 434 835 ‚
456 804 665 844 relinquentes-

88 846 146 872 que
166 846 281 872 penates
295 839 361 866 suos
379 846 443 865 cum
453 838 626 869 conjugibus
636 844 668 863 ac

90 872 193 898 liberis
210 872 291 904 pauci
312 871 429 898 tacitum
449 870 579 907 dolorem
599 876 665 907 con-

87 904 221 931 tinebant
235 911 242 928 ε
259 900 514 933 execrationesque
533 908 563 927 in
581 906 670 932 agmi-

88 936 175 962 nibus
185 934 428 968 proficiscentium
440 934 471 960 in
484 939 589 963 regem,
601 933 663 958 vin-

86 972 172 994 cente
190 967 260 993 odio
280 972 387 993 metum
399 981 406 993 ‚
424 965 665 991 exaudiebantur.

88 999 146 1025 His
167 998 250 1025 ferox
268 998 399 1026 animus,
416 1003 514 1023 omnes
523 997 666 1024 homines,

88 1031 187 1057 omnia
214 1031 276 1057 loca
301 1035 488 1061 temporaque
506 1045 515 1057 .
541 1027 666 1059 suspecta

89 1062 223 1089 habebat.
244 1062 390 1088 Postremo
401 1067 504 1096 negare
518 1061 663 1091 propalam

90 1094 179 1126 coepit
198 1110 206 1121 ·
227 1093 295 1120 satis
316 1098 414 1120 tutum
433 1093 487 1118 libi
508 1092 662 1123 quicquam

86 1125 160 1152 esse:
179 1126 233 1152 nili
245 1126 349 1152 liberos
358 1131 456 1150 eorum
469 1141 477 1153 ‚
493 1130 565 1156 quos
575 1124 664 1149 inrer-

83 1156 192 1184 fecisset
212 1174 220 1186 ‚
240 1156 458 1187 comprehensos
480 1155 511 1181 in
534 1156 663 1181 custodia

83 1188 214 1248 sigberct.
230 1189 259 1217 St
279 1194 408 1221 tempore
426 1188 517 1215 alium
535 1188 594 1213 alio
609 1188 665 1214 tol-

115 1226 170 1248 ret.

118 1254 190 1285 cap.
207 1253 271 1279 IV.
299 1253 370 1278 Eam
389 1251 589 1279 crudelitatem
610 1250 663 1276 foe-

83 1284 150 1312 dam
173 1284 261 1317 perse
272 1301 279 1313 .
300 1284 453 1310 foediorem
463 1285 552 1309 unius
561 1284 665 1310 domus

83 1316 179 1343 clades
198 1316 278 1343 fecit.
306 1316 482 1341 Herodicum
501 1315 660 1348 principem

83 1348 286 1375 Thessalorum
304 1348 406 1374 multis
424 1352 494 1373 ante
510 1347 593 1373 annis
615 1353 659 1372 oc-

81 1380 212 1406 ciderat.-
230 1385 351 1413 generos
369 1385 485 1410 quoque
496 1379 557 1408 ejus
569 1378 661 1413 postea

83 1411 245 1439 interfecit.
263 1412 294 1438 ln
313 1412 457 1438 viduitate
467 1411 571 1437 reiietae
582 1410 661 1438 nliae,

82 1443 212 1477 singulos
254 1444 333 1470 filios
374 1448 476 1474 parvos
514 1442 660 1467 habentes.

86 1476 246 1503 Theoxena
263 1476 292 1503 δε
312 1475 412 1501 Archo
430 1474 549 1500 nomina
560 1473 661 1499 mulie-

80 1508 161 1535 ribus
171 1512 264 1533 erant.
286 1507 444 1534 Theoxena
453 1506 552 1532 multis
562 1510 658 1538 peten-

80 1541 159 1567 tibus
176 1537 327 1571 aspernata
345 1538 462 1569 nuptias
481 1537 531 1563 est.
549 1537 661 1576 ‘Archo

84 1571 189 1599 Poridi
207 1571 320 1597 cuidam
332 1570 383 1596 lon
405 1577 420 1595 e
432 1569 558 1601 principi
567 1573 663 1600 gentis

84 1603 244 1630 AEneatum
263 1602 362 1633 nuplit
375 1576 428 1628 :gsst
437 1602 513 1633 apud
523 1607 587 1627 eum
599 1600 661 1632 plu-

81 1640 128 1660 res
146 1634 233 1659 enixa
250 1638 349 1666 partus
361 1649 369 1660 2
390 1634 484 1664 parvis
503 1633 659 1658 admodum

81 1665 192 1692 tentus
207 1666 340 1692 omnibus
349 1665 473 1692 deceflit.
491 1665 661 1691 Theoxena.

81 1698 158 1724 utin
171 1695 231 1724 suis
239 1697 371 1723 manibus
381 1696 465 1732 liberi
476 1697 584 1723 tororis
592 1696 662 1722 edu-

78 1734 227 1758 carentur.
237 1729 338 1755 Poridi
348 1729 446 1759 nuput
457 1736 463 1753 :
473 1728 503 1755 St
513 1734 570 1755 tam
593 1734 657 1753 uam

80 1767 182 1789 omnes
197 1759 258 1791 ipsa
269 1761 355 1787 enixa
365 1760 443 1787 foret
454 1776 464 1789 ,
482 1760 565 1786 suum
593 1766 659 1784 oro-

82 1791 180 1825 risque
197 1792 278 1819 filios
296 1793 327 1818 in
338 1793 435 1819 eadem
446 1792 568 1818 habebat
579 1798 612 1818 cu
618 1797 658 1816 ra.

76 1825 258 1882 gosteaquam
270 1825 343 1855 regis
351 1824 477 1851 edictum
488 1824 525 1851 de
533 1829 662 1861 eompre-

99 1857 241 1883 endendis
258 1856 358 1883 liberis
368 1863 468 1883 corum
480 1872 488 1884 ‚
505 1862 555 1886 qui
567 1855 658 1881 inter-

77 1888 146 1915 fecti
156 1888 244 1916 efl‘ent
256 1905 265 1916 .
283 1889 412 1920 accepit;
430 1887 563 1914 ludibrio
574 1886 654 1912 futu-

78 1926 127 1946 ros
137 1936 147 1949 ,
168 1927 227 1946 non
239 1920 312 1951 regis
322 1921 410 1947 modo
422 1936 429 1949 ,
442 1918 491 1947 sed
504 1918 653 1946 custodum

75 1952 163 1978 etiam
183 1952 302 1979 libidini
311 1957 372 1978 rata
384 1967 392 1981 ‚
412 1952 447 1978 ad
457 1958 515 1977 rem
527 1956 654 1977 atrocem

75 1983 205 2010 animum
222 1984 330 2014 adiecit
340 2000 349 2011 ‚
359 1982 482 2016 ausaque
497 1983 536 2009 est
549 1982 656 2010 dicere,

74 2014 104 2042 se
125 2014 176 2042 sua
193 2022 280 2041 manu
299 2015 396 2046 potius
413 2021 513 2042 omnes
532 2013 655 2040 interfe-

77 2047 187 2074 fl'uram
200 2063 208 2076 ²
227 2053 313 2079 <luam
326 2048 356 2073 in
368 2046 534 2079 potestatem
546 2046 654 2076 Philip-

77 2079 108 2110 pi
125 2080 270 2105 venirent.
291 2079 373 2105 Poris
382 2079 563 2105 abominatus
574 2084 653 2103 rnen-

74 2111 184 2137 tionem
194 2116 252 2137 tam
264 2110 336 2138 foedi
349 2110 486 2137 facinoris
498 2127 505 2138 ,
524 2110 654 2135 Athenas

73 2142 297 2173 deportaturum
319 2149 367 2169 eos
383 2143 418 2168 ad
439 2142 516 2169 fidos
526 2140 652 2170 hospites

73 2173 164 2203 dixit,
177 2175 369 2206 comitemque
379 2172 471 2205 ipsum
486 2173 560 2206 fugae
572 2173 653 2199 futu-

72 2211 139 2230 rum
157 2206 219 2233 ess'e.
239 2206 469 2232 proficiscuntur
485 2206 519 2231 ab
538 2204 652 2231 Thella-

70 2235 171 2263 lonica
203 2237 324 2264 AEneam
350 2238 387 2264 ad
414 2238 515 2264 statum
542 2236 651 2263 sacrifi-

70 2268 149 2294 tium
167 2284 175 2297 2
202 2270 280 2301 quod
303 2270 449 2295 conditori
467 2269 565 2295 AEneoe
583 2276 648 2294 cum

71 2306 173 2332 magna
183 2301 347 2327 caerimonia
356 2301 515 2332 quotannis
524 2300 647 2328 faciunt.

22 2343 25 2344 ⁷
71 2331 113 2357 ibi
131 2332 180 2358 die
200 2339 249 2363 pet
265 2332 397 2359 solennes
406 2334 504 2365 epulas
514 2332 647 2359 consum-

71 2368 126 2398 pto
139 2380 148 2397 ‚
167 2369 272 2393 navem
286 2369 470 2399 praeparatam
489 2364 506 2394 a
523 2365 629 2395 Poride
639 2379 648 2396 ι

706 135 809 173 sopitis
831 135 969 164 omnibus
988 151 997 165 ‚
1024 136 1061 163 de
1079 136 1167 164 tertia
1184 105 1287 170 vigila

705 170 903 196 conlcendunt
915 183 924 196 ‚
942 175 1086 201 tamquam
1105 170 1229 195 redituri
1250 172 1280 197 in

704 200 948 228 Thefl‘alonicarn:
968 198 1016 227 sed
1036 200 1166 232 trajicere
1177 202 1208 226 in
1219 202 1280 228 Eu·

705 232 796 259 boeam
812 239 873 260 erat
892 233 1082 265 propoliturn.
1100 238 1235 259 caeterum
1245 233 1280 259 in

703 264 851 291 adversum
882 270 998 291 ventum
1017 264 1207 296 nequicquam
1229 269 1290 291 eos‘

702 297 852 332 tendentes
870 303 958 336 prope
977 303 1081 323 terram
1103 297 1154 322 lux
1163 296 1282 329 oppres·

700 328 758 354 ht.-
776 328 805 355 ὃς
818 330 889 361 regii
903 345 911 356 .
933 329 985 361 qui
995 327 1132 360 pr‘aeerant
1141 328 1279 355 custodiae

701 366 816 389 portus,
840 361 963 387 lembum
973 364 1113 386 armatum
1123 360 1159 386 ad
1171 365 1284 392 pertra-

702 392 823 418 hendam
844 399 906 418 earn
926 391 1021 418 navim
1033 391 1195 421 miserunt,
1211 399 1279 419 cum

696 424 776 456 gravi
793 423 887 450 edicto
900 440 909 452 ,
927 430 963 450 ne
983 429 1200 450 reverterentur
1217 424 1283 450 fine

699 461 741 481 ea.
760 456 856 488 Quum
868 456 925 486 jam
934 455 1213 487 appropinquabant,
1223 456 1283 483 Po-

702 488 740 512 ris
760 488 875 519 quidem
885 487 921 513 ad
931 488 1127 525 hortationem
1137 488 1280 519 remigum

703 524 913 549 nautarumque
934 524 1064 546 intentus
1084 524 1146 545 erat
1161 527 1167 544 ε
1184 520 1281 546 inter-

701 551 770 577 dum
782 557 881 577 manus
891 551 926 576 ad
938 552 1041 577 coelum
1052 551 1182 580 tendens,
1194 558 1280 583 opem

703 589 736 608 ut
756 583 806 608 Dii
830 582 958 609 ferrent,
978 584 1087 609 orabat.
1105 583 1187 609 ferox
1200 583 1278 610 inte-

703 614 758 639 rim
778 613 899 639 foemina
917 614 954 639 ad
974 615 1068 640 multo
1086 620 1153 640 ante
1174 622 1282 647 praeco·

701 645 824 676 gitatum
844 645 1095 672 revolutafacinus
1108 662 1116 673 ‚
1136 653 1279 673 venenum

702 677 804 706 diluit,
814 676 982 709 ferrumque
994 679 1102 708 promit
1116 687 1121 702 :
1144 680 1173 705 Sc
1184 679 1280 711 posito

703 709 733 733 in
754 709 907 740 conspectu
920 710 1033 741 poculo,
1047 709 1209 739 strictisque
1220 711 1283 742 gla-

702 740 769 769 diis,
781 740 874 766 [Ἀθη.
890 741 996 772 inquit,
1009 746 1071 766 una
1079 741 1219 768 vindiHa
1229 742 1278 773 ess-

704 770 761 797 Viae
779 773 817 797 ad
836 777 947 798 mortem
959 770 1095 803 basiant:
1112 780 1171 805 qua
1181 780 1283 805 quem.

702 808 756 834 que
766 801 951 835 anisnusfert
963 821 970 832 ‚
991 801 1110 836 efflagite
1116 803 1278 837 snperbiam

701 835 817 867 regiam.
836 836 922 868 Agite
931 835 1051 865 iuvenes
1060 836 1112 862 mei
1122 852 1131 865 ‚
1142 838 1279 869 primum„

702 867 754 897 qui
765 867 884 897 majores
893 867 963 899 estis,
979 866 1186 898 capitcferrum
1197 877 1207 894 .·
1223 872 1280 895 aut

704 898 817 924 haurite
835 899 983 931 poculum,
996 899 1024 930 fi
1037 898 1136 930 senior
1146 906 1224 925 mors
1232 901 1281 931 ju-

702 934 769 954 vat.
798 932 834 956 Et
856 931 947 956 hostes
968 933 1089 957 aderant
1102 946 1110 959 ,
1128 932 1157 957 8<
1178 933 1281 958 auctor

702 963 805 988 mortis
832 962 965 988 instabat.
1001 962 1060 989 Alii
1080 962 1140 988 alio
1157 963 1218 990 leto
1237 964 1288 990 ab-

702 992 809 1023 sumpti
831 993 1009 1029 semianimes
1026 993 1040 1019 ὁ
1061 1000 1131 1020 nave
1150 996 1281 1028 praecipi-

702 1030 815 1051 tantur.
831 1025 891 1053 ima
908 1026 1012 1052 deinde
1029 1026 1122 1051 virum
1142 1028 1277 1054 comitem

703 1059 804 1083 mortis
831 1058 981 1088 complexa
1009 1058 1038 1083 in
1064 1058 1210 1084 marelese
1226 1060 1279 1085 de·

699 1089 781 1145 jessit.
800 1095 869 1115 nave
880 1096 963 1116 vacua
976 1088 1104 1115 dominis
1116 1090 1189 1122 regii
1200 1091 1280 1122 poti-

699 1124 722 1146 ti
747 1126 814 1146 unt.

735 1153 805 1183 Cap.
826 1152 863 1177 V.
883 1151 979 1182 Hujus
988 1153 1122 1180 atrocitas
1138 1154 1279 1182 facinoris

704 1189 804 1209 novam
824 1185 904 1210 velut
923 1185 1063 1210 flammam
1075 1192 1106 1210 re
1126 1186 1148 1211 is
1160 1186 1280 1212 invidiae

698 1216 825 1251 adjecit,
845 1221 880 1241 ut
900 1216 988 1247 vulgo
1004 1216 1096 1248 ipsum
1128 1218 1278 1250 iberosque

698 1252 763 1277 ejus
781 1253 995 1274 execrarentur.
1022 1255 1086 1280 quae
1104 1249 1174 1275 dirae
1198 1250 1283 1276 brevi,

700 1279 736 1303 ab
747 1280 882 1305 omnibus
895 1280 958 1305 Diis
966 1280 1109 1306 exaudirae
1119 1296 1128 1309 ‚
1152 1287 1185 1308 ut
1198 1282 1280 1308 saevi-

702 1315 745 1335 rer
764 1310 823 1342 ipse
836 1312 866 1336 in
880 1312 961 1337 iuum
970 1310 1135 1343 sanguinem
1148 1329 1156 1341 ‚
1180 1313 1283 1340 effece-

703 1347 783 1368 runt.
813 1341 930 1369 Perseus
949 1344 1025 1369 enim
1045 1360 1053 1372 ‚
1073 1350 1161 1375 quum
1184 1345 1280 1372 indies

702 1374 791 1405 magis
810 1379 939 1401 cerneret
957 1374 1081 1401 favorem
1093 1376 1282 1403 dionitatem·

702 1412 759 1436 que
781 1406 923 1432 Demetrii
945 1405 1046 1433 fratris
1055 1397 1280 1435 anuisMacedo-

703 1443 771 1462 num
785 1437 1004 1472 multitudinem
1016 1437 1140 1465 crescere
1150 1455 1158 1468 ‚
1175 1440 1204 1466 8<
1216 1446 1282 1472 gra-

702 1469 771 1494 tiam
789 1469 867 1501 apud
879 1471 1047 1501 Romanos-3
1065 1470 1117 1496 libi
1127 1470 1202 1503 spem
1214 1469 1288 1504 nub,

702 1501 757 1527 lam
778 1502 858 1533 tegni
879 1501 1033 1530 superesse,
1051 1501 1106 1527 nili
1126 1503 1157 1529 in
1176 1502 1280 1530 scelere

704 1537 780 1558 ratus
793 1549 801 1559 ‚
820 1533 854 1558 ad
880 1534 908 1559 id
918 1539 1008 1558 unum
1019 1539 1117 1560 omnes
1125 1535 1286 1567 cogitatio·

703 1570 752 1589 nes
769 1564 910 1591 intendit.
926 1570 1059 1590 czeterum
1079 1571 1138 1603 quu
1189 1565 1217 1593 se
1235 1573 1272 1593 ne

700 1596 735 1621 ad
747 1596 776 1622 id
787 1596 904 1626 quidem
913 1612 920 1622 ‚
939 1597 1018 1628 quod
1030 1596 1162 1623 muliebri
1172 1598 1287 1631 cogita·

702 1628 749 1654 bat
768 1628 868 1653 animo
878 1644 886 1656 ‚
906 1625 973 1654 satis
983 1634 1031 1661 per
1041 1626 1069 1653 se
1079 1629 1207 1655 validum
1218 1636 1279 1656 cre·

700 1659 780 1685 deret
792 1659 943 1694 {singulos
952 1660 1108 1687 amicorum
1117 1661 1206 1690 patris
1216 1667 1290 1689 ten·

703 1696 763 1717 tare
792 1691 969 1717 lermonibus
996 1692 1143 1723 perplexis
1158 1693 1281 1721 institit.

700 1722 729 1749 St
750 1722 843 1754 primo
863 1723 978 1755 quidam
996 1728 1031 1748 ex
1048 1723 1109 1752 his,
1127 1724 1283 1756 aspernan-

702 1755 776 1780 tium
797 1755 853 1781 tale
864 1755 1015 1787 quicquam
1025 1755 1142 1787 speciem
1154 1758 1283 1788 praebue.

701 1792 770 1813 runt
787 1802 796 1815 ,
823 1787 890 1818 quia
912 1786 975 1818 plus
992 1786 1022 1812 in
1045 1788 1194 1814 Demetrio
1214 1789 1276 1818 spei

718 1818 854 1844 onebanr.
889 1818 996 1845 deinde
1017 1818 1160 1847 crescente
1183 1820 1282 1849 indies

725 1850 827 1881 bilippi
839 1850 909 1877 odio
920 1851 950 1876 in
963 1851 1110 1877 Romanos
1122 1869 1129 1881 ‚
1150 1853 1197 1878 cui
1208 1853 1277 1879 Per-

701 1882 762 1909 seus
783 1882 964 1914 indulgeret,
984 1883 1148 1910 Demetrius
1167 1884 1277 1911 summa

697 1921 752 1945 ope
761 1913 957 1941 adversaretur
971 1920 980 1945 ς
991 1914 1203 1951 *prospicientes
1213 1917 1280 1943 ani-

699 1953 747 1973 mo
765 1947 875 1973 exitum
889 1946 999 1972 incauti
1010 1946 1024 1972 :l
1036 1946 1135 1973 fraude
1148 1947 1276 1976 fraterna

699 1979 812 2010 juvenis
823 1994 831 2006 2
840 1978 1036 2009 adjuvandum
1050 1980 1127 2010 quod
1139 1979 1275 2007 futurum

698 2015 759 2037 erat
771 2010 826 2037 tati
836 2026 843 2037 =
864 2010 1076 2042 fovendamque
1084 2010 1161 2042 spem
1171 2016 1277 2043 poten·

700 2042 781 2068 tioris
790 2058 798 2070 ‚
819 2040 922 2068 Perseo
934 2041 961 2067 se
968 2042 1134 2073 adjungunt
1147 2051 1154 2068 :
1172 2049 1275 2070 caetera

699 2075 730 2100 in
749 2073 830 2100 suum
841 2080 961 2106 quaeque
972 2079 1084 2107 tempus
1093 2076 1203 2106 agenda
1212 2074 1274 2102 dif-

699 2105 809 2138 ferunt.
836 2105 865 2131 in
888 2104 1037 2139 praesentia
1054 2105 1145 2138 placet
1164 2121 1173 2134 ς
1191 2106 1297 2134 omnic>

699 2145 751 2170 ope
764 2139 792 2164 in
809 2139 956 2164 Romanos
965 2138 1082 2163 accendi
1095 2143 1187 2169 regern
1197 2155 1207 2168 ‚
1219 2138 1275 2165 im-

699 2170 826 2200 pellique
841 2170 876 2195 ad
895 2168 1014 2195 confilia
1032 2169 1100 2196 belli
1117 2185 1126 2196 ,
1151 2168 1187 2195 ad
1228 2177 1277 2197 uze-

696 2204 754 2233 Jam
777 2200 825 2228 sua
842 2200 944 2232 sponte
962 2201 1088 2227 animum
1099 2200 1205 2227 inclina
1229 2207 1271 2229 et.

699 2234 806 2260 simul.
825 2239 857 2259 ut
881 2233 1044 2258 Demetrius
1063 2232 1156 2258 indies
1177 2231 1274 2266 suspe-

697 2265 770 2292 stior
781 2264 855 2293 esset,
867 2270 901 2290 ex
912 2264 1072 2295 compulito
1083 2265 1225 2291 sermones
1235 2265 1271 2292 nd

695 2297 869 2323 spretionem
890 2298 1087 2322 Romanorum
1110 2296 1274 2324 trahebant.

698 2330 738 2355 ibi
758 2334 848 2360 quum
865 2329 916 2354 alii
935 2334 1029 2353 mores
1044 2328 1073 2354 St
1085 2328 1216 2355 instituta
1224 2336 1276 2354 eo-

695 2367 772 2392 rum,
781 2360 833 2390 alil
843 2366 887 2389 res
897 2360 1047 2395 gesta-salii
1055 2359 1175 2394 speciem
1185 2360 1277 2423 iggffl
