1414 2655
20 150 44 229 ᾤ’).
34 115 35 118 Α
33 75 42 79 2

14 250 37 306 §.32
19 231 30 246 -;

455 83 673 120 LIBER
719 86 911 122 xxvu.
1219 103 1286 139 39¹

84 129 132 159 tio
143 127 372 163 proconsulibus.
379 129 408 158 8(
417 130 583 158 L-veturio
594 139 665 162 prae·

50 165 54 168 ”
83 163 142 190 tori
152 179 161 191 ‚
183 163 235 196 qui
255 163 380 190 Galliam
391 163 568 195 provinciam
577 162 664 191 sorti-

50 195 52 197 ’
82 199 131 222 tus
142 201 203 222 erat
214 201 222 226 3
241 195 429 227 additumque
439 194 529 220 Fabio
539 196 662 223 consuli

51 227 54 231 '
82 233 133 253 cen
139 232 197 254 tum
209 227 308 259 pondo
315 227 379 254 auri
387 227 572 260 praecipuum,
581 229 660 260 quod

82 258 114 285 in
125 265 215 286 arcem
226 261 414 286 Tarentinam
423 264 598 291 portaretur.
610 268 662 286 cae-

84 295 150 318 tero
168 291 210 317 usi
229 290 294 318 sunt
305 293 342 318 ad
351 291 517 317 vestimenta
529 291 661 329 prasenti

84 323 207 354 pecunia
217 323 336 350 locanda
345 323 545 355 exercitui.qu1
559 330 590 349 in
606 325 659 350 Hi-

84 353 106 381 s
118 355 182 381 ania
204 355 310 381 bellum
324 354 446 382 secunda
463 353 514 382 sua
525 354 599 382 fama
608 356 661 382 du-

81 392 96 414 c
111 385 177 418 silue
187 386 310 419 gerebat.

117 419 188 449 cap.
206 419 232 443 X
243 419 268 445 Ι.
287 418 422 455 Prodigia
432 424 551 452 quoque
561 420 660 452 ‚prius

83 455 169 482 quam
179 450 215 476 ab
223 450 293 477 urbe
301 451 440 478 Consules
450 450 661 484 proficisceren-

85 486 135 508 tur
145 498 154 511 ‚
174 483 323 514 procurari
342 483 459 515 placuit.
487 485 521 510 Lu
546 484 661 509 Albano

86 519 186 541 monte
205 515 278 541 taeta
293 515 329 541 de
338 515 413 542 coelo
423 521 506 542 erant
521 533 528 546 ‚
548 515 660 547 signum

85 545 174 578 ¹Iovis,
183 546 325 578 arborque
335 547 443 579 templo
452 548 622 579 propinqua,
633 548 663 574 ὃς

87 577 171 604 ostlae
180 577 256 606 lacus
266 595 275 607 .
283 578 312 606 δε
321 579 425 611 Capuae
435 586 542 608 murus,
556 580 665 606 Fortu-

85 615 186 642 naeque
194 610 266 637 aedes
275 627 283 639 ‚
302 611 331 638 8<
349 610 478 637 Sinuessae
488 617 589 637 murus
597 618 664 643 por·

83 646 178 674 taque.
199 642 264 668 Haec
275 643 311 668 de
320 643 394 669 coelo
403 643 485 670 tasta.
503 644 662 670 cruentam

82 674 168 700 etiam
180 671 292 701 fluxisse
306 681 408 705 aquam
419 675 559 701 Albanam
570 690 579 704 ‚
600 677 665 707 qui-

84 705 150 730 dam
161 705 290 732 austeres
307 712 388 733 eraut
402 713 410 736 ς
432 707 460 733 8<
474 709 571 733 Romae
581 708 663 745 intus

81 737 184 763 cellam
195 738 263 764 aedis
273 739 370 765 Fortis
378 739 516 766 Fortunae
526 740 561 765 de
571 744 663 771 capite

82 767 194 801 iignum
206 784 215 797 2
235 770 314 802 quod
325 771 354 797 in
366 777 473 796 corona
484 777 554 798 erar,
568 771 595 795 in
607 777 663 796 ma-

83 806 140 827 nus
149 801 252 833 sponte
260 801 309 828 sua
320 801 537 834 prolapsumsst
549 803 661 828 Priver-

85 833 120 858 ni
145 833 214 860 satis
230 834 374 860 constabat
393 834 493 860 bovem
513 834 642 861 locutum
654 851 662 864 ,

83 865 301 896 volturiumque
320 866 467 898 frequenti
488 866 554 892 foro
575 867 604 892 iu
619 871 662 892 ta-

83 896 201 924 bernam
212 897 350 924 dcvolasle
363 914 370 924 ‚
381 897 411 924 Sc
421 897 550 924 Sinueffe
560 904 660 924 natum

83 929 216 962 ambiguo
234 929 311 955 inter
331 935 436 955 marem
461 936 493 956 ac
511 929 660 956 foeminam

80 958 316 988 sexu'infnntem
336 969 343 987 ε
372 967 443 993 quos
476 961 662 994 androgynos

82 992 185 1024 vulgus
207 993 252 1024 (ut
272 993 407 1026 pleraque
418 993 550 1020 faciliore
559 994 594 1020 ad
606 994 660 1019 dn-

53 1037 58 1042 ·
80 1024 214 1056 plicanda
232 1025 316 1050 verba
334 1026 435 1051 Graeco
444 1025 591 1057 sermone)
612 1033 662 1057 ap.

85 1056 183 1089 pellat.
201 1056 231 1082 &
247 1056 319 1082 laste
339 1056 455 1088 pluisse,
473 1057 502 1084 &
522 1063 585 1083 cum
605 1058 662 1084 ele·

83 1087 184 1120 phanti
194 1088 285 1119 capite
295 1095 413 1118 puerum
423 1089 579 1122 natum.Ea
589 1097 659 1121 pro·

80 1119 158 1152 digia
169 1119 267 1146 hostiis
287 1120 441 1152 majoribus
450 1127 537 1154 procu
542 1125 602 1147 rata
612 1138 620 1151 ‚
630 1122 659 1149 ὃς

80 1150 338 1183 supplicatio‘circa
347 1153 444 1178 omnia
454 1152 658 1184 pulvinaria&

80 1182 238 1210 obsecratio
256 1184 285 1210 in
296 1191 386 1211 unum
395 1185 472 1210 diem
482 1185 589 1211 inditia
604 1193 609 1210 :
629 1185 659 1212 ὃς

81 1214 226 1242 decretum
237 1233 245 1246 ‚
256 1221 291 1242 ut
301 1217 335 1241 c.
347 1216 490 1242 Hostilius
499 1222 605 1248 praetor
615 1217 660 1243 lu-

81 1245 136 1273 dos
148 1247 303 1279 Apollinis,
314 1248 385 1274 ficut
395 1249 439 1274 his
447 1249 532 1273 annis
543 1249 602 1274 voti
616 1249 657 1275 fa-

83 1278 178 1310 tuque
187 1285 277 1308 erant,
287 1284 412 1309 voveret,
424 1279 593 1311 faceretque.
606 1280 658 1306 Per

82 1316 132 1337 eos
141 1310 202 1338 dies
209 1311 238 1338 Se
245 1311 411 1338 censoribus
419 1311 660 1345 creandisQFul-

82 1343 146 1369 vius
168 1342 268 1370 cousin
286 1345 404 1370 comitia
422 1344 533 1370 habuit.
562 1346 658 1371 creati

81 1373 220 1405 censores.
230 1375 375 1407 ambo,qui
387 1376 517 1401 nondum
529 1374 661 1402 consules

77 1405 197 1434 fuerant
209 1424 217 1436 ‚
233 1408 275 1434 M.
290 1408 442 1433 cornelius
453 1408 605 1439 Cethegus.
626 1409 657 1434 P.

79 1439 264 1470 sempronius
274 1440 449 1466 Tuditanus.
468 1440 507 1465 Hi
518 1440 657 1467 censores.

77 1475 114 1497 nt
123 1477 220 1504 agrum
232 1473 406 1503 Campanum
419 1471 573 1498 fruendum
586 1472 661 1498 loca-

77 1508 156 1530 rent,
166 1509 203 1528 ex
212 1503 380 1530 austoritate
401 1503 515 1529 Patrum
525 1504 616 1530 latum
628 1505 658 1530 in

103 1534 190 1560 lehem
200 1535 239 1561 est
251 1551 258 1562 ‚
269 1535 420 1567 plebesque
429 1533 521 1561 scivit.
540 1537 659 1562 Senatus

139 1566 234 1592 ionem
251 1570 402 1592 contentio
426 1567 502 1593 inter
527 1567 658 1594 censores

81 1597 119 1623 de
129 1598 256 1630 principe
267 1598 397 1631 legendo,
410 1599 517 1625 tenuit.
529 1601 656 1635 Sempro-

79 1629 125 1655 nii
151 1629 235 1656 lestio
255 1636 314 1657 erat
324 1647 332 1658 ‚
350 1636 483 1657 caeterum
504 1632 659 1658 Cornelius

84 1666 192 1687 morem
213 1663 349 1689 traditum
368 1664 382 1687 a
400 1663 530 1695 parribus
540 1663 659 1699 sequen-

81 1691 151 1719 dum
169 1693 270 1723 ajebat.
286 1699 321 1721 ut
329 1695 379 1726 qui
391 1695 496 1724 pri-nus
505 1697 605 1721 censor
614 1702 649 1721 ex

79 1723 117 1750 iis
127 1725 176 1756 qui
187 1725 312 1752 viverent
322 1743 330 1756 ‚
342 1726 439 1753 fuisset.
449 1744 457 1755 ‚
477 1733 540 1752 eum
551 1728 657 1760 princi-

81 1762 145 1788 pem
166 1757 293 1788 legerent
304 1768 310 1784 2
332 1758 355 1784 is
384 1760 420 1783 T.
434 1759 562 1785 Manlius
581 1761 656 1785 Tor-

77 1793 262 1820 quatuscrat.
273 1791 464 1820 sempronius,
475 1791 521 1817 cui
532 1792 580 1818 Dii
595 1792 656 1817 sor-

79 1824 138 1845 tem
149 1821 261 1852 legendi
271 1821 409 1848 dedissent
424 1823 465 1852 ‚ei
473 1823 522 1853 jus
532 1823 654 1850 liberum

76 1851 190 1878 eosdem
201 1852 306 1880 dedisse
327 1855 412 1879 Deos.
431 1855 464 1879 Se
479 1855 509 1880 id
520 1854 572 1881 suo
582 1855 657 1880 arbi-

80 1883 143 1910 trio
162 1883 318 1910 fastui-um:
339 1885 535 1917 lesturumque
553 1887 590 1918 Q
602 1887 656 1912 Fa-

77 1914 155 1941 bium
179 1916 356 1945 Maximum,
375 1924 459 1948 quem
478 1923 539 1944 tum
550 1919 657 1949 princi—

79 1951 146 2003 gem
159 1948 295 1973 Romanae
304 1949 434 1975 civitatis
441 1948 492 1976 csse
507 1950 549 1975 vel
562 1952 656 1976 Anni-

99 1978 248 2009 alejudice
267 1981 392 2007 victurus
403 1980 478 2007 esset.
498 1982 595 2014 Quum
606 1983 656 2008 diu

77 2015 218 2038 certatum
227 2011 294 2038 esset
305 2013 583 2040 verbisaeoncedente
593 2015 637 2040 col
645 2028 655 2033 -

77 2039 140 2075 lega
150 2058 159 2072 ‚
180 2043 267 2070 ἰθέως
275 2043 290 2069 a
304 2045 473 2076 sempronio
486 2046 614 2077 princeps
624 2047 653 2072 in

77 2070 177 2100 senatu
196 2075 233 2108 Q.
244 2076 349 2102 Fabius
370 2077 514 2103 Maximus
524 2077 633 2104 Consul
647 2087 653 2103 :

79 2103 150 2131 inde
167 2106 240 2133 alius
249 2108 338 2134 leffius
346 2108 468 2136 senatus,
480 2109 546 2135 osto
558 2116 654 2138 prrete-

79 2136 247 2164 ritis‚inter
257 2146 330 2172 quos
349 2141 383 2166 L.
397 2141 531 2167 Caecilius
552 2142 656 2167 Metel-

77 2166 125 2194 lus
141 2173 223 2206 eran
243 2170 360 2198 infamis
377 2172 476 2198 ειιᾶοι·
493 2173 654 2200 deserendae

82 2198 173 2226 Italtae
196 2201 257 2232 post
274 2203 453 2230 Cannensem
471 2205 590 2232 cladem.
617 2206 650 2231 ln

77 2231 251 2263 equestribus
269 2240 384 2267 quoque
401 2237 480 2262 notis
489 2237 585 2263 eadem
594 2237 654 2262 ser-

79 2267 142 2289 vata
151 2263 248 2291 caussa.
263 2265 311 2292 led
321 2272 403 2294 erant
412 2270 544 2299 perpauci
555 2283 562 2295 ⁷
581 2275 654 2298 <tuos

81 2300 116 2320 ea
133 2294 252 2322 infamia
270 2298 431 2330 attingeret.
450 2300 512 2327 Illis
522 2302 654 2327 omnibus

81 2325 124 2356 t&
143 2327 226 2364 multi
243 2327 335 2361 erant)
351 2331 476 2364 adempti
493 2332 580 2364 equi,
602 2333 652 2364 qui

75 2359 269 2389 Cannensium
286 2362 434 2397 legionum
450 2364 563 2397 equites
570 2363 604 2393 ln
614 2365 656 2392 Si-

708 132 776 159 cilia
787 139 879 161 erant.
896 133 1075 162 addiderunt
1086 135 1236 172 acerbitati
1247 144 1291 165 et-

709 165 765 191 iam
787 170 898 197 ternpus
907 182 916 196 ‚
937 174 974 194 ne
989 173 1132 200 praeterita
1150 168 1294 202 stipendia

712 197 901 228 procederent
919 199 955 225 iis
964 215 973 228 ‚
999 201 1050 231 qui
1078 205 1154 232 equo
1165 201 1292 239 publico

712 235 891 260 meruerant,
909 231 957 258 sed
966 231 1040 259 dena
1049 231 1191 264 stipendia
1210 233 1293 266 equis

711 261 832 292 privatis
849 261 988 289 facerent.
1004 265 1142 296 Magnum
1153 270 1291 296 prteterea

710 299 862 320 numerum
881 301 982 321 eorum
992 296 1293 328 conquisiverunt‚qui

711 331 788 356 equo
799 332 907 352 merere
927 327 1081 353 deberent:
1102 334 1189 360 atque
1198 335 1232 355 ex
1243 329 1292 358 iis.

711 357 762 388 qui
774 358 918 390 principio
939 359 1001 389 ejus
1012 359 1080 385 belli
1089 359 1291 392 septemdecim

710 394 802 416 annos
821 390 882 416 nati
892 389 1008 417 fuerant
1018 407 1026 420 ‚
1047 397 1140 423 neque
1149 393 1293 420 militave-

706 426 773 447 rant
784 437 793 450 ‚
812 428 911 448 omnes
920 423 1035 448 cerarios
1044 424 1157 450 fecerun
1163 429 1184 451 t.
1201 426 1293 452 Loca-

712 458 816 478 verunt
833 454 903 480 inde
922 454 1075 481 reficienda
1085 462 1148 487 quze
1157 457 1232 483 circa
1243 457 1292 483 fo·

710 491 774 510 rum
793 485 932 512 incendio
949 485 1116 518 consumpta
1127 494 1209 514 erant
1222 504 1230 517 ,
1249 489 1293 516 se·

712 522 787 555 prem
798 517 938 548 tabernas,
947 519 1096 546 macellum
1108 536 1116 550 ‚
1126 521 1234 547 atrium
1242 528 1295 548 reb

733 555 803 574 rum.

713 557 730 582 g
744 582 814 612 Cap.
841 582 928 608 X'II.
955 583 1117 611 Transactis
1135 585 1289 615 omnibus,

712 619 774 644 quae
787 615 886 643 Romae
894 621 908 639 a
930 615 1002 641 enda
1010 622 1103 645 erant,
1114 617 1244 644 consules
1250 619 1288 645 ad

711 644 818 670 bellum
831 646 913 676 profe
943 648 971 673 i:
994 649 1075 678 prior
1089 649 1210 676 Fulvius
1217 657 1291 684 prae-

707 677 813 708 gressus
823 679 1024 711 Capuam.post
1034 686 1136 710 paucos
1145 682 1207 708 dies
1217 689 1289 709 con·

710 707 824 734 secutus
842 710 949 736 Fabius
959 726 966 738 ‚
988 712 1039 742 qui
1051 713 1079 738 St
1090 712 1228 746 collegam
1240 719 1290 740 co·

709 746 768 765 ram
778 741 944 771 obtestatus,
955 743 984 769 ὃς
1000 749 1051 775 per
1059 743 1156 770 literas
1167 747 1288 772 Marcel-

709 772 770 798 lum
785 790 790 799 .
801 778 834 798 ut
846 780 929 804 quam
939 774 1077 801 acerrimo
1088 776 1165 801 bello
1176 776 1288 803 detine-

709 809 754 829 ret
766 805 936 830 Annibalem
948 822 955 834 ‚
975 806 1043 832 dum
1055 807 1111 838 ipse
1125 809 1289 836 Tarentum

707 842 906 868 oppugnaret:
927 843 959 863 ea
977 839 1048 864 urbe
1063 840 1194 872 adempta
1211 841 1289 868 hosti

707 869 765 898 jam
775 868 906 900 undique
917 869 999 900 pulso
1009 887 1016 899 ‚
1037 874 1087 897 nec
1097 871 1144 897 ubi
1156 873 1289 899 consiste·

707 904 762 927 ret,
775 906 828 925 nec
837 901 909 932 quid
919 901 1010 928 fidum
1023 902 1171 935 respiceret
1182 904 1290 931 haben-

709 931 732 957 ti
746 947 754 959 ,
775 937 811 957 ne
821 933 984 959 remorandi
995 934 1110 964 quidem
1120 935 1239 962 caussam
1253 938 1289 964 in

707 963 790 989 Italia
808 963 882 990 fore.
902 965 1045 997 Rhegium
1055 968 1138 994 etiam
1148 969 1287 995 nuncium

705 995 800 1021 mittit
818 997 853 1022 ad
864 996 1026 1028 praefefium
1037 999 1160 1029 praelidii
1176 1017 1184 1026 .
1205 1002 1287 1032 quod

704 1026 738 1052 ab
749 1027 868 1053 Laevino
878 1027 1006 1056 consule
1014 1030 1146 1057 adversus
1155 1033 1291 1060 Bruttios

704 1059 748 1084 ibi
767 1060 891 1086 locatum
909 1065 970 1086 erat
980 1078 989 1090 ‚
1008 1061 1074 1087 osto
1083 1064 1174 1090 millia
1186 1065 1282 1092 homi·

706 1097 775 1116 num
787 1098 793 1116 :
807 1098 869 1123 pars
878 1093 1000 1119 maxima
1011 1093 1046 1119 ab
1055 1096 1224 1127 Agathyrna
1236 1098 1285 1127 (ii—

705 1128 755 1148 cut
773 1128 859 1149 antea
876 1124 985 1150 distum
996 1125 1056 1157 est)
1076 1133 1110 1152 ex
1121 1128 1218 1154 Sicilia
1229 1134 1289 1155 tra-

706 1154 790 1180 duc'ta
800 1170 808 1183 ,
827 1162 857 1180 ra
880 1160 911 1181 to
931 1157 1026 1182 vivere
1035 1157 1187 1186 hominum
1197 1161 1289 1187 affuee

706 1190 812 1212 torum.
831 1193 845 1212 a
868 1187 924 1213 diti
943 1193 1025 1215 erant
1045 1190 1230 1218 Bruttiorum
1241 1194 1289 1219 ine

706 1218 801 1256 didem
811 1218 946 1251 perfuga-2,
957 1220 986 1247 St
997 1221 1113 1248 audacia
1122 1223 1151 1250 St
1160 1224 1288 1251 audendi

707 1256 804 1275 omnia
817 1251 1025 1278 ncceiiitatibus
1033 1260 1122 1284 pares.
1134 1256 1217 1282 Hanc
1226 1262 1288 1282 ma-

705 1288 774 1307 num
784 1282 820 1307 ad
831 1283 980 1310 Bruttium
992 1285 1115 1315 primum
1124 1293 1223 1319 agrum
1233 1289 1286 1314 de·

709 1314 909 1345 populandum
919 1315 986 1342 duci
994 1317 1082 1347 justit,
1095 1319 1162 1345 inde
1171 1320 1288 1347 adcau-

705 1345 813 1371 loniam
830 1347 928 1372 urbem
941 1350 1172 1382 oppugnandam.
1193 1353 1288 1385 Impe-

705 1382 766 1403 rata
777 1384 836 1413 non
849 1379 968 1412 impigre
975 1379 1068 1407 solum
1080 1397 1089 1410 ‚
1099 1382 1146 1409 sed
1157 1384 1240 1410 etiam
1253 1391 1286 1410 a·

704 1409 768 1435 vide
779 1411 915 1440 exiecuti‚
925 1412 1048 1447 direptis
1056 1413 1217 1448 fugatisque
1226 1417 1289 1444 cul-

706 1442 819 1467 toribus
831 1444 892 1473 agri
904 1459 910 1468 .
926 1444 1033 1470 summa
1044 1446 1071 1472 vi
1081 1448 1178 1472 urbem
1191 1455 1228 1480 op
1250 1456 1285 1475 u-

703 1474 839 1511 gnabaqt.
859 1475 1014 1502 Marcellus
1029 1478 1058 1504 ὃς
1076 1478 1202 1506 consulis
1219 1480 1290 1507 lite-

705 1506 743 1531 ris
754 1511 866 1532 excitus
878 1522 885 1533 ‚
895 1507 924 1534 Sc
934 1509 1000 1539 quia
1011 1509 1055 1535 ita·
1063 1510 1091 1536 in
1102 1511 1229 1538 animum
1238 1514 1287 1539 in-

705 1538 839 1566 duxerat,
851 1539 994 1564 neminem
1007 1541 1106 1567 ducem
1118 1544 1283 1572 Romanum

706 1574 762 1595 tam
773 1575 865 1600 parem
878 1571 1014 1598 Annibali
1024 1580 1107 1603 quam
1117 1574 1144 1601 se
1154 1576 1219 1607 esse;
1231 1577 1283 1603 ub!

705 1602 828 1629 primum
842 1602 871 1627 in
882 1603 959 1632 auris
967 1605 1061 1634 pabuli
1071 1607 1153 1637 copia
1165 1608 1234 1636 fuit,
1245 1615 1282 1636 ex

705 1633 832 1659 hibernis
843 1634 995 1665 ρτοῗεέῒιιε,
1005 1637 1041 1662 ad
1054 1638 1208 1666 Canusium
1221 1642 1284 1667 An-

708 1664 797 1690 nibali
816 1667 954 1692 occurrit.
971 1668 1150 1698 sollicitabat
1159 1673 1194 1698 ad
1204 1673 1285 1700 defe-

703 1696 827 1722 ctionem
840 1698 1000 1725 Canusinos
1013 1701 1130 1728 Poenus.
1148 1709 1282 1732 caeterum

706 1733 738 1755 ut
757 1730 989 1762 appropinquare
1006 1733 1174 1761 Marcellum
1198 1739 1285 1764 audi-

704 1762 746 1786 vit
759 1767 767 1791 ς
788 1762 874 1797 casira
894 1763 963 1789 inde
984 1765 1083 1791 movit.
1102 1768 1209 1800 Aperta
1218 1774 1287 1797 erat

701 1792 782 1824 regio
801 1794 860 1818 ime
878 1795 948 1821 ullis
964 1795 1000 1822 ad
1018 1797 1135 1824 infidias
1145 1799 1260 1827 latebris
1271 1807 1282 1833 ς

702 1825 800 1856 itaque
820 1826 850 1851 in
870 1826 932 1852 loca
950 1826 1072 1854 saltuosa
1092 1831 1191 1857 cedere
1210 1833 1281 1860 inde

703 1858 801 1888 coepit.
830 1858 985 1885 Marcellus
1001 1861 1122 1894 vestigiis
1140 1863 1281 1895 instabat,

701 1890 845 1919 castraque
865 1891 959 1917 castris
978 1893 1142 1920 conferebat
1154 1903 1159 1919 τ
1173 1896 1282 1928 &ope-

702 1928 732 1946 re
744 1920 871 1951 perfeeto
884 1938 890 1950 ‚
899 1925 1081 1954 extemploin
1093 1927 1178 1952 aciem
1189 1927 1284 1960 legio-

704 1959 752 1978 nes
761 1953 913 1989 educebat.
932 1956 1059 1982 Annibal
1070 1960 1217 1985 turmatim
1230 1967 1282 1990 per

705 1986 1011 2022 equites-peditumque
1028 1990 1199 2019 jaculatores
1209 1992 1284 2020 levia

705 2021 860 2043 certamina
869 2020 1066 2047 ierens‚casum
1079 2022 1216 2048 universae
1229 2031 1284 2055 pu-

704 2054 767 2080 gnae
789 2054 846 2074 non
870 2050 1051 2078 necessarium
1073 2053 1203 2080 ducebat.
1221 2061 1283 2082 rra-

704 2079 765 2106 ἕως
773 2081 813 2106 est
823 2085 917 2107 tamen
926 2083 960 2109 ad
973 2084 1002 2110 id
1015 2086 1092 2115 quod
1103 2086 1212 2113 vitabat
1221 2093 1283 2113 cer-

703 2117 806 2137 tamen.
828 2113 920 2139 Nocte
940 2115 1116 2148 praegressum
1134 2124 1198 2144 eum
1215 2119 1283 2146 asle-

703 2144 803 2175 quitur
812 2144 882 2170 locis
893 2146 986 2177 planis
997 2155 1028 2174 ac
1037 2149 1285 2180 parentibusMar-

702 2175 801 2201 celius.
830 2177 916 2204 castra
941 2179 1009 2205 inde
1029 2186 1184 2211 ponentem
1193 2197 1203 2210 ‚
1229 2190 1283 2214 pu-

702 2208 816 2239 gnando
826 2209 956 2246 undique
967 2211 998 2236 in
1009 2213 1178 2242 munitores,
1188 2216 1285 2247 operi-

704 2240 753 2265 bus
765 2240 908 2269 probibet.
928 2242 972 2268 Ita
991 2243 1070 2274 signa
1081 2245 1185 2271 collata
1201 2262 1210 2275 ‚
1228 2254 1284 2277 pu-

700 2276 874 2302 gnatumque
885 2274 955 2300 totis
965 2275 1073 2306 copiis:
1086 2275 1115 2303 ὃς
1125 2283 1214 2308 quum
1227 2280 1283 2307 iam

703 2309 760 2328 nox
771 2303 888 2330 instaret
898 2320 906 2332 ‚
929 2306 1025 2332 Marte
1035 2314 1116 2339 aequo
1127 2308 1275 2343 discessum

701 2333 750 2360 est.
762 2335 848 2361 castra
859 2337 964 2367 exiguo
976 2339 1224 2371 distantialpatim
1236 2350 1282 2369 ra-

700 2367 772 2401 ptim
781 2372 847 2395 ante
856 2368 969 2394 noctem
979 2372 1150 2403 permunita.
1162 2373 1280 2401 Postero

896 2401 925 2428 R
940 2408 962 2435 4
1227 2406 1288 2436 dle·
