1414 2655
152 97 226 141 674

150 142 224 174 quid
253 142 288 168 ab
310 139 393 167 holle
412 140 590 166 moveretur.
617 144 693 170 pone
703 144 748 164 ca-

147 176 204 200 stra
221 174 340 205 utrique
356 171 520 204 pabulatum
539 171 569 198 Sc
586 170 728 203 lignatum

150 207 233 233 ibant
241 222 250 236 ‚
260 205 359 232 neutri
370 204 477 230 alteros
487 203 685 236 impedientes.

184 240 256 269 Cap.
274 238 299 262 Χ
310 238 333 261 Χ
347 238 373 262 Χ
383 237 407 262 1.
425 235 535 262 Praetor
560 236 708 261 Romanus
719 249 728 263 ‚

147 270 199 296 ubi
208 269 277 297 satis
295 273 340 295 tot
360 269 475 295 dierum
494 266 593 298 quiete
602 266 729 293 credidit

148 303 226 335 spem
243 300 344 327 factam
364 299 438 326 hosti
450 316 458 327 ,
479 298 555 324 nihil
566 298 729 330 senriorem

151 339 318 361 moturum:
338 333 373 358 L.
387 331 513 357 Acilium
533 337 596 356 cum
607 329 733 356 313ίίῃί-

153 366 230 393 stra:
248 365 277 392 δε
298 364 347 391 sex
370 363 498 389 millibus
510 361 730 394 provincialium

152 397 329 424 auxiliorum
338 394 490 422 circumire
499 400 627 421 montem
639 393 732 424 jubet,

153 429 249 461 qulab
267 433 350 460 tergo
361 426 489 453 hostibus
498 431 578 452 erat:
602 425 730 451 indeubi

151 462 305 488 clamorem
324 459 462 487 audisset,
482 459 630 484 decurrere
639 458 674 484 ad
685 463 731 483 ca—

153 494 207 519 flra
218 498 328 518 corum.
348 491 431 516 noste
471 488 651 516 refectisunt
664 505 673 518 ‚
692 494 729 514 ne

151 523 264 557 poli‘ent
283 523 422 554 conspici.
465 522 630 547 laccusluce
641 520 730 553 prima

153 557 188 581 C.
200 556 381 582 Scribonium
401 553 564 585 praefectum
573 552 685 578 socium
695 552 732 577 ad

149 588 258 614 vallum
287 587 409 612 hostiurn
437 592 500 611 cum
519 585 665 616 equitibus
685 590 734 609 ex-

152 619 358 647 traordinariis
390 617 509 642 iinistrae
542 617 594 642 alae
628 616 733 642 mittit.

152 658 226 685 quos
239 668 247 680 ‚
261 651 310 678 ubi
333 650 362 677 ὃς
379 649 498 680 propius
514 649 647 674 accedere
666 663 674 675 ‚
700 647 731 674 sc

153 685 268 716 plures,
279 689 362 713 quam
375 681 455 707 soliti
466 684 548 706 erant
561 696 569 707 ‚
591 679 733 705 Celtiberi

152 714 387 745 conspexerunt.
406 713 499 739 omnis
522 711 670 743 equitatus
690 710 732 736 ef-

155 747 294 774 funditur
312 746 425 772 castris:
446 744 529 770 iimul
548 744 575 770 8(
589 743 733 774 peditibus

156 780 268 809 imnum
285 779 321 804 ad
332 776 495 803 exeundum
505 776 602 802 datur.
620 775 733 800 Scribo-

156 812 241 840 nius,
261 810 307 837 uti
326 813 495 842 praeceptum
516 813 594 834 erat.
614 805 732 837 ubipri-

158 849 238 869 mum
254 842 401 868 fremitum
418 839 591 872 equestrium
611 838 733 867 audivit,

154 875 261 902 avertit
279 878 369 904 equos
381 888 388 900 ,
408 871 437 898 8<
455 872 548 901 castra,
562 870 677 901 repetit.
698 876 732 896 eo

154 906 272 933 effusius
289 904 368 936 sequi
379 903 482 930 hostes.
499 902 592 934 primo
601 902 712 934 equites
726 918 734 930 ‚

157 944 225 964 mox
247 937 277 964 ὃς
296 937 424 970 peditum
434 935 506 961 acies
517 934 634 962 aderat,
656 934 733 959 haud

155 971 245 997 dubia
255 968 319 1002 spe,
338 967 426 995 castra
447 973 481 992 eo
491 966 540 992 dic
549 965 734 997 seoppuana-

157 1006 252 1029 turos.
269 1001 443 1032 quingentos
462 996 553 1030 passus
572 1004 632 1023 non
644 995 731 1032 plus-a

156 1033 231 1060 valio
250 1033 374 1059 aberant.
397 1033 496 1060 Itaque
505 1030 737 1065 ubiFlaccusia-

157 1066 196 1092 tis
214 1064 366 1091 abstrastos
383 1069 431 1089 eos
450 1062 466 1089 ὲ
483 1061 613 1090 nroessdio
632 1062 736 1086 castro·

157 1104 222 1124 rum
242 1095 360 1123 suorum
372 1100 450 1121 ratus
458 1094 498 1121 est
508 1109 516 1120 ‚
537 1094 614 1119 intra
627 1093 733 1118 vallum

153 1129 286 1156 exercitu
311 1126 469 1155 instructo,
489 1125 582 1152 tribus
608 1124 738 1155 partibus

160 1161 244 1187 fimul
263 1159 404 1190 erumpit:
418 1158 542 1184 clamore
552 1163 610 1182 non
622 1160 735 1182 tantum

153 1194 191 1219 ad
204 1193 336 1219 ardorem
347 1196 448 1222 pugnze
466 1189 650 1215 excitandum
672 1187 736 1214 iub-

154 1226 235 1252 lato,
255 1223 414 1251 sedetiam,
441 1226 474 1248 ut
483 1221 575 1252 quiin
587 1220 738 1254 mont-ibus

155 1261 258 1284 erant,
279 1254 462 1281 exaudirent.
481 1258 533 1278 nec
543 1251 734 1281 moratilunt,

156 1289 230 1320 quin
242 1287 446 1313 decurrerent,
467 1284 542 1310 ficut
563 1285 734 1314 imperatum

157 1324 236 1349 erat,
255 1318 292 1345 ad
310 1317 416 1345 castra:
436 1316 487 1343 ubi
507 1315 736 1347 quingentorum

157 1354 336 1377 armatorum
349 1367 357 1380 ,
369 1356 427 1375 non
438 1348 562 1381 amplius
574 1363 582 1376 ‚
605 1347 736 1373 relietum

153 1388 217 1410 erat
236 1382 407 1414 praeiidium.
423 1386 496 1411 quos
514 1385 603 1412 quum
621 1378 650 1405 Sc
671 1385 739 1411 pau·

156 1416 229 1442 citas
250 1414 296 1440 sua
307 1431 315 1442 ‚
334 1414 362 1440 ες
378 1411 539 1439 multitudo
549 1410 675 1436 hostium
687 1410 734 1437 ‚St

158 1445 316 1479 improvisa
334 1451 377 1471 res
395 1442 560 1471 terruisset,
579 1441 737 1474 propeline

154 1478 312 1505 certamine
329 1476 485 1507 capiuntur
504 1475 602 1501 castra.
628 1473 737 1502 castris,

179 1518 221 1537 ute
233 1517 297 1542 pars
307 1509 431 1534 maxime
440 1505 456 1533 ὲ
468 1506 660 1539 pugnantibus
669 1511 741 1532 con-

171 1543 227 1575 pici
237 1546 350 1574 poterat
359 1557 366 1569 ,
379 1540 481 1569 iniecit
493 1538 602 1564 Acilius
613 1537 720 1568 ignem.

193 1576 264 1605 cap.
283 1574 308 1598 X
321 1574 346 1598 Χ
356 1573 381 1596 Χ
391 1573 404 1597 1
415 1572 440 1597 1.
459 1570 592 1596 Postremi
612 1569 740 1596 Celtibe-

156 1612 270 1635 rorum,
280 1605 368 1636 quiin
381 1603 531 1629 acieerant
542 1618 549 1628 .
562 1601 647 1633 primi
659 1600 742 1626 flam-

161 1644 234 1663 mam
254 1635 435 1667 conspexere.
454 1633 559 1660 deinde
578 1639 628 1666 per
647 1637 738 1668 rotam

159 1671 249 1696 aciem
259 1669 405 1700 vulgatum
416 1667 456 1692 est
465 1682 472 1694 ‚
495 1665 583 1692 castra
593 1664 687 1691 amissa
698 1663 741 1690 es-

157 1700 197 1729 se,
207 1701 236 1728 8<
249 1706 322 1727 tum.
332 1706 396 1726 cum
408 1697 540 1724 maxime.
550 1696 651 1722 ardere
664 1703 671 1721 ε
684 1702 741 1721 un-

158 1734 194 1760 de
206 1733 266 1758 illis
276 1737 370 1758 terror
380 1747 388 1759 ,
402 1729 469 1756 inde
480 1727 739 1755 Romanisanirnus

157 1764 259 1792 crevit.
278 1764 334 1794 jam
353 1763 460 1788 clamor
479 1760 598 1786 suorum
618 1759 738 1785 vincen-

159 1797 233 1823 tium
257 1795 421 1823 accidebat,
443 1794 501 1824 lam
526 1791 659 1819 ardentia
686 1791 741 1816 ho-

159 1828 248 1855 stium
268 1827 356 1854 castra
375 1824 557 1857 apparebant.
595 1822 739 1849 Celtiberi

157 1865 314 1917 parumper
339 1858 460 1884 incertis
479 1855 585 1882 animis
604 1854 741 1881 fluctuati

172 1897 238 1918 unt.
256 1895 390 1917 caeterum
409 1888 589 1920 posteaquam
610 1891 741 1918 receptus

159 1923 248 1954 pultis
257 1923 357 1949 nullus
367 1926 427 1947 erat
436 1935 446 1949 ‚
468 1925 520 1946 nec
529 1918 649 1950 usquam
660 1934 668 1945 ‚
681 1917 737 1944 nisi

159 1958 190 1982 in
211 1954 386 1981 certamine,
403 1951 485 1983 spe53
504 1950 683 1983 pertinacius
702 1950 738 1975 de

154 1989 274 2016 integro
284 1984 428 2018 capess'unt
448 1989 582 2014 pugnam.
602 1981 674 2007 Acie
684 1987 740 2007 me-

157 2019 207 2045 dia
218 2018 393 2049 urgebantur
418 2017 521 2042 acriter
539 2015 554 2039 a
574 2014 678 2044 quinta
697 2013 737 2038 le-

158 2051 255 2082 gione.
267 2047 400 2075 adversus
409 2048 511 2073 laevum
521 2051 625 2072 cornu.
637 2045 667 2070 in
678 2050 738 2076 quo

159 2082 203 2109 sui
225 2081 338 2113 generis
357 2077 547 2112 provincialia
563 2076 674 2102 auxilia
693 2077 740 2102 in-

159 2112 288 2141 struxiffe
310 2114 459 2138 Romanos
480 2109 653 2136 cernebant,
672 2114 736 2134 cum

159 2146 268 2177 majore
278 2144 385 2170 fiducia
397 2142 562 2169 intulerunt
571 2140 659 2171 figna.
673 2139 737 2171 Jam

159 2183 250 2208 prope
266 2181 346 2204 erat,
357 2180 391 2202 ut
407 2174 553 2201 sinistrum
572 2177 663 2198 cornu
683 2171 743 2203 pei-

159 2211 269 2237 leretur
289 2208 448 2235 Romanis,
475 2206 506 2232 nl
525 2203 644 2235 septima
665 2202 742 2233 legio

159 2238 343 2268 succeniffct:
367 2238 449 2265 {imni
470 2237 504 2263 ab
514 2235 623 2267 oppido
634 2234 742 2262 Ebura,

161 2274 213 2330 ἓιιί
223 2275 254 2299 in
277 2271 408 2302 praefldio
417 2269 510 2296 relicti
520 2272 602 2294 erant
613 2281 622 2294 ‚
641 2266 672 2291 in
683 2272 742 2291 me·

186 2307 214 2331 io
231 2304 334 2330 ardore
361 2308 464 2335 pugnae
492 2300 689 2326 advenerunt.
711 2298 741 2323 St

162 2337 276 2363 Acilius
293 2335 328 2360 ab
345 2339 428 2367 tergo
444 2337 516 2359 erat.
534 2331 635 2357 Dinin
645 2329 743 2355 medio

163 2368 224 2396 cmii
252 2366 406 2396 celtiberi.
438 2365 491 2398 qui
515 2362 683 2397 supererant
709 2362 741 2390 ln

617 92 665 127 T.
711 91 913 126 Lrvtt

783 141 883 163 omnes
909 134 1007 168 passim
1034 137 1130 166 partes
1155 131 1301 166 capessunt
1318 133 1366 161 fu-

782 175 854 202 gam.
876 168 997 200 Equites
1009 167 1152 199 bipartito
1162 166 1193 192 in
1203 172 1252 193 eos
1261 165 1363 195 err-issi.

783 205 913 232 magnam
923 201 1036 236 *caedem
1052 199 1181 226 edidere.
1198 198 1235 225 ad
1253 198 1362 231 viginti

782 233 839 258 tria
858 231 949 258 millia
966 231 1090 257 bostium
1109 237 1144 257 eo
1153 229 1202 256 die
1212 227 1298 257 caesa:
1318 236 1365 256 ca-

783 269 833 297 pta
842 268 966 295 quatuor
977 263 1078 291 millia,
1087 261 1118 289 81:
1128 261 1205 288 oetln
1226 263 1287 288 enti
1297 268 1363 288 cum

782 296 864 328 equis
875 295 938 327 plus
947 295 1114 334 quingentis
1126 302 1132 320 :
1155 293 1184 321 δε
1194 269 1272 325 {ffgna
1280 293 1359 321 mili-

782 329 856 356 taria
875 331 1034 359 nonaginta
1052 326 1129 352 οὲῒο.
1147 326 1253 356 Magna
1274 325 1364 352 vitto·

782 360 834 387 ria,
851 366 912 398 non
937 364 1033 385 tamen
1048 359 1200 384 incruenta
1209 357 1280 384 fuit.
1300 358 1364 384 Ro-

783 398 860 418 mani
885 392 920 418 de
946 391 1056 417 duabus
1074 389 1238 422 legionibus
1255 389 1364 415 milites

781 424 869 456 paulo
894 422 959 454 plus
974 422 1113 450 ducenti.
1132 419 1241 447 socium
1261 420 1362 448 Latini

786 455 913 481 nominis
922 454 1098 486 septingenti
1109 453 1230 484 triginta
1240 468 1249 480 ,
1267 458 1363 479 exter-

784 493 890 513 norum
901 486 1089 512 auxiliarium
1101 486 1161 512 duo
1171 484 1264 510 millia
1273 483 1363 511 ferme

783 519 813 546 δε
825 519 1034 551 quadringenti
1054 517 1232 544 ceciderunt.
1251 515 1362 542 Praetor

782 551 813 576 in
841 550 928 576 castra
962 548 1096 575 victorem
1132 547 1291 574 exercitum
1320 553 1365 573 re-

782 582 879 608 duxit.
900 581 1012 608 Acilius
1031 585 1146 606 manere
1169 580 1200 605 in
1221 578 1318 605 castris
1327 578 1363 605 ab

781 613 810 640 se
821 614 911 645 captis
929 612 1027 643 iulius.
1045 611 1217 642 poster-odie
1226 609 1317 642 spolia
1327 611 1365 637 de

784 646 912 672 hostibus
926 645 998 671 iesta
1010 653 1026 681 τ’
1039 644 1069 671 8:
1087 650 1140 675 pro
1159 642 1299 668 concione
1310 642 1364 668 do-

784 678 857 705 nati,
866 683 989 709 quorum
1000 681 1092 702 virtus
1102 674 1220 706 insignis
1228 673 1335 700 fuerat.

815 711 885 740 Cap.
913 709 939 733 Χ
952 709 976 733 Χ
988 709 1011 733 Χ
1025 709 1038 733 1
1049 709 1063 733 1
1078 708 1102 734 1.
1128 705 1232 732 sauciis
1256 705 1364 732 deinde

783 740 815 767 in
841 741 981 773 oppidum
1007 739 1132 766 Eburam
1147 737 1271 764 devectis
1283 753 1292 766 ,
1332 742 1364 762 er

785 773 988 803 carpetaniam
1006 770 1042 797 ad
1062 769 1250 796 Contrebiam
1267 768 1306 794 du
1323 768 1359 794 tae

785 804 924 831 legiones.
943 810 974 829 ea
985 803 1052 828 urbs
1060 799 1236 836 circumsessa
1247 806 1336 832 quum
1347 797 1364 826 a

784 835 938 862 Celtiberis
945 834 1056 861 auxilia
1073 832 1220 860 arcessrsi‘et
1232 848 1240 861 ‚
1251 838 1367 858 moran·
1391 859 1396 866 1

784 868 859 893 tibus
869 867 906 894 iis
915 884 922 896 ,
933 873 992 892 non
1003 867 1070 898 quia
1080 865 1131 898 ἱρῇ
1141 864 1269 890 cunctati
1284 863 1365 893 sunt,

783 898 831 926 scd
842 901 910 931 quia
930 897 1073 928 profectos
1081 897 1096 923 a
1107 897 1195 922 domo
1205 895 1365 934 inexplica-

785 931 856 957 biles
865 930 1014 957 continuis
1024 928 1163 956 imbribus
1174 928 1224 954 viae
1233 927 1262 954 8<
1275 927 1364 953 infla·

785 963 809 989 ti
829 968 923 988 amnes
943 961 1098 988 tenebant,
1117 958 1269 990 desperato
1279 958 1365 985 auxi-

785 995 827 1020 lio
852 993 969 1020 suorum
995 992 1027 1018 in
1054 991 1234 1018 deditionem
1268 990 1361 1016 vcnlt.

785 1026 903 1052 Flaccus
920 1029 1035 1057 quoque
1053 1022 1266 1054 tempestatibus
1277 1021 1366 1048 foedis

785 1058 897 1084 coactus
914 1072 923 1085 ‚
949 1056 1107 1082 exercitum
1133 1059 1246 1080 omnem
1265 1053 1295 1078 in
1313 1059 1367 1079 ur-

786 1090 848 1116 bem
867 1087 1046 1115 introduxit.
1064 1085 1204 1112 Celtiberi
1218 1101 1226 1113 ‚
1246 1084 1296 1116 qul
1309 1085 1363 1110 do·

787 1128 835 1147 mo
845 1117 966 1153 profesti
975 1121 1058 1145 erant
1068 1133 1075 1146 ‚
1087 1116 1264 1144 deditionisi
1286 1116 1363 1146 nari,

786 1147 1272 1211 33541222322222‘2333233,2³¹
1286 1154 1365 1205 &3:2¹¹

1091 1197 1100 1210 ι
1260 1195 1268 1208 ’
1354 1190 1369 1198 “

787 1217 906 1244 trebiam
917 1213 1055 1241 venissent
1067 1221 1074 1238 r
1088 1212 1266 1244 posteaquam
1276 1211 1368 1237 castra

786 1249 868 1274 nulla
877 1252 960 1274 extra
977 1244 1085 1271 moenia
1095 1244 1231 1270 viderunt
1241 1258 1250 1271 ‚
1270 1242 1365 1269 autin

784 1281 904 1306 alteram
924 1283 1029 1310 partem
1055 1276 1191 1303 transsata
1212 1274 1267 1300 rati
1284 1290 1294 1303 ,
1315 1278 1369 1301 aut

786 1309 919 1338 recessisi‘e
928 1310 1022 1336 hostes
1031 1324 1039 1336 ‚
1051 1314 1100 1340 per
1110 1307 1316 1338 nenligentiam
1326 1305 1371 1332 ef-

790 1344 845 1369 fuli
856 1360 864 1371 ‚
878 1343 914 1369 ad
925 1341 1062 1375 oppidum
1072 1327 1255 1366 acceii‘crunt.
1272 1338 1308 1364 In
1318 1343 1368 1364 eos

787 1375 897 1401 duabus
921 1374 1015 1407 portis
1039 1371 1165 1406 Romani
1182 1377 1234 1397 eru
1256 1369 1366 1396 tionem

787 1407 916 1433 fecerunt
928 1422 935 1432 .
947 1406 977 1432 Sc
989 1403 1197 1437 incompositos
1207 1408 1221 1427 a
1245 1401 1305 1428 orti
1317 1400 1367 1427 fu.

787 1439 905 1465 derunt.
921 1438 992 1469 Quae
1010 1441 1053 1461 res
1061 1435 1098 1462 ad
1106 1433 1291 1461 reiissendum
1303 1438 1368 1463 eos,

788 1471 818 1497 Sc
835 1470 870 1495 ad
895 1467 1087 1499 capessendam
1116 1471 1258 1498 pugnarn,
1277 1465 1368 1500 impe-

785 1502 851 1531 diit,
863 1501 942 1531 qitod
954 1506 1014 1526 non
1024 1505 1085 1525 uno
1095 1497 1209 1529 agmine
1218 1502 1271 1522 nec
1280 1497 1316 1522 ad
1328 1496 1366 1521 ¹1-

789 1540 844 1565 ,qna
868 1533 1036 1565 frequentes
1061 1529 1212 1556 veniebant
1233 1533 1241 1557 ;
1268 1527 1368 1553 eadem

791 1572 898 1596 magnae
925 1563 1000 1596 parti
1018 1563 1054 1589 ad
1074 1561 1172 1597 fugam
1190 1558 1277 1586 {aluti
1294 1557 1366 1585 fult.

790 1597 879 1628 Sparsi
891 1597 969 1622 enim
979 1599 1044 1621 roto
1055 1593 1151 1625 paflrm
1161 1597 1259 1622 campo
1267 1589 1298 1618 se
1309 1589 1373 1617 dif-

787 1627 932 1654 fuderunt
944 1637 950 1653 :
972 1633 1023 1653 nec
1035 1624 1153 1657 usquam
1162 1623 1313 1651 confertos
1321 1626 1372 1648 eos

789 1661 878 1686 hostis
896 1658 1093 1686 circumvenit.
1121 1661 1216 1682 tamen
1232 1655 1268 1681 ad
1294 1653 1371 1680 duo-

788 1692 879 1718 decim
901 1692 994 1718 millia
1012 1688 1082 1717 sunt
1103 1686 1189 1714 caesa.-
1209 1690 1291 1719 capta
1309 1685 1376 1717 plus

809 1724 918 1755 uinque
928 1722 1019 1748 miliia
1029 1720 1181 1747 hominum
1192 1734 1201 1747 ,
1219 1717 1285 1750 equi
1297 1722 1371 1748 qua·

810 1755 936 1788 ringenti
949 1769 958 1782 .
976 1753 1065 1789 signa*
1073 1750 1211 1778 militaria
1222 1749 1269 1775 sex
1307 1749 1372 1776 inm

789 1787 862 1813 duo.
880 1787 941 1822 Ql
951 1785 1066 1819 palatie
1079 1784 1148 1816 fuga
1157 1782 1274 1809 domum
1298 1787 1370 1808 ere·

788 1818 935 1849 cipiebant
945 1835 952 1847 ‚
962 1817 1087 1844 alterum
1096 1820 1197 1846 agmen
1207 1813 1375 1840 celtibero-

789 1857 854 1876 rum
874 1849 1072 1885 venientium,
1090 1846 1272 1874 deditionem
1291 1845 1375 1871 Con-

789 1882 886 1909 trebi-³2
905 1897 914 1910 ,
941 1881 970 1908 St
988 1883 1067 1907 luam
1096 1878 1206 1905 cladem
1222 1876 1372 1903 narrando

787 1919 966 1940 averterunt.
991 1911 1139 1941 extemplo
1149 1909 1180 1934 in
1190 1909 1267 1935 vicos
1275 1908 1377 1934 castel-

788 1946 873 1977 laque
890 1945 939 1970 sua
957 1949 1056 1971 omnes
1074 1940 1188 1974 dilapfi.
1216 1940 1336 1967 Flaccus
1354 1937 1371 1965 a

790 1977 948 2003 Contrebia
973 1974 1120 2007 profestus
1139 1989 1146 2002 2
1175 1977 1226 2003 ner
1245 1971 1376 1998 Celtibe·

788 2004 1374 2069 {lzlzf‘zss‘fflalzmgssiu‘iiii3⁶⁸¹?ae&

1126 2063 1130 2067 .
1241 2050 1250 2064 9

789 2072 912 2099 maxima
928 2077 993 2102 pars
1014 2069 1225 2097 celtiberorum
1239 2068 1270 2094 in
1280 2066 1366 2094 dedi-

789 2105 901 2131 tionem
911 2103 1002 2130 venit.

821 2137 882 2167 cap
910 2136 934 2160 x
946 2135 970 2159 Χ
982 2135 1008 2160 Χ
1019 2135 1033 2160 1
1043 2133 1083 2159 v.
1099 2133 1168 2159 Haec
1186 2131 1220 2159 in
1230 2129 1373 2158 citeriore

791 2165 931 2198 Hispania
950 2173 986 2192 eo
1004 2172 1082 2192 anno
1099 2163 1185 2197 gesta.
1202 2163 1241 2188 Et
1253 2163 1283 2188 in
1294 2161 1372 2188 uite-

789 2200 867 2225 riore
892 2198 1022 2224 Manlius
1046 2201 1152 2229 praetor
1174 2193 1298 2221 secunda
1316 2193 1375 2220 all·

789 2235 863 2262 quot
883 2230 981 2261 praelia
999 2234 1063 2255 cum
1073 2228 1220 2255 Lusitanis
1229 2226 1311 2253 feeit.
1330 2227 1372 2250 A·

789 2262 896 2294 quiieia
914 2262 1030 2288 colonia
1045 2260 1150 2287 Latina
1167 2259 1267 2285 eodem
1293 2262 1375 2283 anno

791 2295 822 2321 in
840 2299 909 2325 agro
927 2293 1082 2320 Gallorum
1103 2292 1142 2319 est
1153 2289 1286 2317 deducta.
1313 2288 1372 2315 tria

790 2324 883 2352 millia
893 2325 1037 2356 peditum.
1047 2324 1251 2357 quinquagena
1261 2321 1374 2353 iugera,

786 2358 972 2387 Centuriones
997 2360 1140 2389 ΰὲῧῐθῐὶὃὶ
1160 2358 1281 2384 “ntum
1295 2357 1372 2412 33²2.-
