1414 2655
407 120 440 156 1.
464 129 479 154 ι
505 129 527 154 n
553 128 577 153 e
601 128 629 153 ι
669 117 903 155 XXXVH.

53 167 112 196 'bus
122 167 168 195 his
175 166 267 204 copiis
277 173 312 200 pr
328 201 335 206 “
355 166 442 194 outo,
453 164 636 204 accederunt.

19 241 22 247 ·
57 197 639 263 Ἑῗέιὶἓῖεἳᾛένὶιέὲὲἑᾚὲῧῗίἓ

60 270 144 291 nint.
164 263 305 290 Veterani
327 268 425 289 omnes
435 261 462 288 St
474 261 560 294 periti
572 260 641 286 belli

18 308 21 319 ι
62 301 149 322 erant
168 312 176 323 ‚
193 297 223 322 et
240 295 299 328 iple
318 295 377 321 dux
389 292 621 324 Philopoemenis
632 307 642 320 2

13 335 15 337 ·
63 326 166 354 summi
184 333 246 354 tum
267 327 397 354 omnium
415 327 581 351 Graecorum
590 325 643 350 im-

32 373 35 375 ·
61 359 205 392 peratoris
223 358 391 390 discipulus.
407 357 458 387 qui
477 357 595 382 biduum
607 355 643 380 ii-

64 391 126 417 mul
143 391 180 418 ad
216 392 321 416 uietem
331 389 480 416 hominum
489 393 644 419 equorum-

64 429 131 455 que.
145 422 174 449 Se
183 429 200 448 a
231 422 358 448 visendas
367 420 489 446 hostium
499 419 646 446 stationes,

66 454 173 486 quibus
193 454 264 480 locis
280 451 514 487 temporibusque
532 450 645 485 accede-

65 491 134 512 rent
156 502 164 514 ‚
185 487 402 517 reciperentque
417 482 474 510 sese
486 499 501 520 ⁴,
520 480 644 514 iumpse·

68 522 151 543 runt.
173 517 217 542 Ad
237 517 346 543 radices
355 516 415 543 fere
426 515 508 542 collis
518 531 526 544 ‚
544 515 574 540 in
586 519 645 545 quo

69 549 162 588 polita
183 549 222 575 est
238 547 306 574 urbs
328 559 336 577 ς
355 548 426 580 regii
445 545 643 573 succedebant.

67 586 111 607 tta
137 580 228 606 libera
244 579 278 606 ab
298 584 378 612 tergo
399 578 549 610 populatio
565 582 627 603 erat
639 591 647 603 ‚

69 611 154 638 nullo
173 612 208 637 ab
228 611 316 639 urbe,
334 618 371 637 ne
387 610 418 636 in
440 609 574 635 stationes
583 609 648 640 qui-

71 644 137 670 dem
158 643 210 676 qui
227 642 509 674 procuijacuiaretur
522 656 530 668 ‚
547 645 649 674 excur-

71 679 164 709 rente.
187 674 339 706 Postquam
350 673 433 700 semei
444 671 582 704 compulit
592 677 649 696 me-

70 712 104 734 tu
114 706 142 732 ie
152 707 293 733 moenibus
308 705 488 732 incluserunt
498 721 506 733 ⁷
524 707 650 729 contem-

75 743 143 776 ptus
152 745 260 775 eorum,
272 737 378 765 &inde
388 735 564 770 negligentia
575 733 652 772 apud

74 769 653 832 ἓῖξῖἒιὲξἓὲἓὲἀῦἒῖἐῖιὲῗέξέηέἓέὼῖῐ

98 834 174 859 aucis
185 834 220 859 ad
230 839 304 858 arma
314 832 343 859 Sc
352 832 467 858 ordines
477 829 592 858 renuis,
609 829 654 864 di·

91 864 150 895 apii
171 865 265 891 caeteri
276 862 435 896 sparserant
446 862 471 890 se
481 867 545 888 toto
558 860 653 898 pastun

77 903 197 925 campo:
216 902 278 927 pars
297 893 563 929 injuvenileslusus
573 891 654 919 lasci-

78 929 211 960 viamque
221 927 301 956 vei-ii,
313 933 375 958 pars
385 926 524 953 vescentes
532 925 583 952 iub
595 930 655 950 um-

80 961 141 997 bra,
171 959 267 986 uidam
279 959 381 985 somno
390 959 474 986 etiam
487 957 577 985 strati.
589 957 657 982 Haec

80 992 159 1022 Diop
181 998 247 1018 anes
273 997 309 1017 cx
334 992 393 1017 alta
418 990 489 1016 urbe
518 990 655 1020 Pergamo

83 1023 311 1055 contemplatus,
330 1029 406 1048 arma
415 1020 480 1048 suos
489 1027 605 1052 capere,
625 1018 656 1045 δε

77 1053 118 1082 ad
128 1059 240 1091 portam
250 1055 348 1086 praesto
358 1053 411 1081 esse
419 1053 499 1089 jubet
513 1061 520 1077 ι
532 1051 592 1090 ipse
604 1053 656 1087 At·

56 1085 171 1144 §glum
184 1087 258 1112 adiit
269 1102 277 1115 ‚
298 1086 476 1114 &inanimo
486 1084 538 1110 fibi
551 1082 603 1110 esse
612 1083 657 1118 dt-

98 1119 143 1146 vt,
164 1118 286 1144 hostium
306 1117 455 1144 stationem
466 1121 587 1143 tentare.
604 1114 658 1140 st„-

79 1155 131 1182 gre
142 1149 172 1176 id
185 1150 367 1181 permittente
379 1148 598 1180 Attalo,quippe
607 1145 659 1178 qui

82 1186 198 1208 centum
227 1181 376 1213 equitibus
394 1179 528 1207 adversus
549 1184 658 1215 trecen-

82 1213 224 1242 tos‚mille
233 1213 377 1245 peditibus
386 1219 450 1240 cum
459 1217 583 1243 quatuor
593 1209 659 1235 mii-

82 1244 158 1270 libus
185 1250 378 1277 pugnaturum
402 1249 530 1270 cerneret
549 1249 558 1274 ;
576 1246 660 1274 porta

85 1281 102 1301 e
123 1275 206 1303 reffus
221 1292 230 1305 2
247 1276 323 1302 haud
343 1276 443 1309 procul
463 1275 587 1302 statione
605 1273 658 1298 ho—

113 1308 173 1334 ium
190 1308 366 1334 occasionem
388 1307 540 1339 opperiens
561 1303 660 1332 conse-

88 1339 144 1366 dit.
165 1340 203 1367 Et
213 1341 264 1370 qui
276 1339 405 1372 Pergami
413 1337 658 1366 erant‚amentiam

89 1371 178 1401 magis
186 1377 268 1403 quam
277 1371 423 1398 audaciam
432 1371 548 1397 credere
556 1369 617 1405 effeg
629 1368 659 1395 ὃς

88 1403 183 1429 hostes
192 1402 332 1436 paulisper
343 1403 374 1429 in
385 1410 433 1430 eos
442 1403 512 1428 verii
522 1419 529 1430 .
542 1406 575 1427 ut
586 1400 660 1426 nihii

87 1435 197 1461 moveri
210 1435 346 1461 viderunt
357 1451 364 1464 ‚
385 1441 437 1462 nec
447 1434 499 1466 ipsi
509 1433 663 1466 quicquam

87 1471 124 1492 ex
146 1466 231 1494 solita
239 1467 415 1499 negligentia
427 1483 434 1494 ‚
451 1464 568 1497 insuper
577 1465 662 1490 etiam

86 1498 236 1525 eludentes
268 1499 441 1532 paucitatem
467 1513 475 1526 ‚
502 1500 664 1523 mutarunt.

88 1530 260 1563 Diophanes
277 1531 393 1562 quietos
401 1529 577 1562 aliquamdiu
588 1528 665 1556 suos,

89 1563 171 1588 velut
188 1563 223 1589 ad
243 1562 431 1594 spectaculum
442 1562 529 1587 modo
537 1560 668 1587 edueto&

87 1595 238 1620 continuit
256 1601 263 1619 :
284 1594 465 1626 posteaquam
485 1591 611 1624 dilapsos
629 1591 665 1617 ab

89 1625 244 1652 ordinibus
267 1626 361 1652 hostes
386 1625 460 1651 vidit
484 1640 493 1654 ‚
558 1624 669 1650 ditibus

87 1661 229 1713 quantum
236 1658 391 1685 accelerare
401 1656 520 1689 possent,
534 1656 600 1688 equi
610 1654 670 1686 jus-

102 1693 126 1713 ιε
138 1705 146 1716 ‚
165 1688 224 1720 ipse
242 1689 372 1722 princeps
391 1689 468 1715 inter
485 1689 596 1724 equites
605 1693 669 1712 cum

91 1725 187 1747 turma
196 1719 246 1747 sua
254 1727 338 1753 quam
347 1720 436 1754 posiet
444 1719 610 1747 effiiiiflimis
622 1719 671 1745 ha·

95 1752 176 1778 benis
187 1768 196 1781 ,
209 1752 333 1779 clamore
342 1754 376 1778 ab
387 1752 466 1779 omui
478 1753 560 1778 iimul
572 1751 669 1784 pedite

91 1789 181 1815 atque
192 1784 291 1814 equite
300 1783 414 1811 sublato
423 1801 430 1812 .
455 1784 607 1811 stationem
618 1784 670 1809 ho·

92 1815 178 1843 stium
197 1815 348 1848 improviso
357 1815 480 1842 invadit.
496 1816 565 1842 Non
578 1816 671 1842 homi-

90 1854 142 1874 nes
159 1846 253 1874 solum
274 1864 282 1877 ‚
299 1848 347 1875 sed
365 1848 433 1881 equi
451 1847 537 1874 etiam
557 1847 673 1876 territi,

93 1885 186 1912 quum
209 1880 321 1906 vincula
336 1879 527 1912 abrupissent‚
545 1879 674 1910 trepida-

97 1913 208 1938 tionem
224 1910 253 1938 &
271 1911 428 1939 tumultum
440 1912 516 1938 inter
526 1909 590 1937 suos
599 1909 673 1936 fece-

95 1948 184 1971 runt,
203 1944 285 1972 pauci
303 1944 413 1971 stabant
430 1943 567 1976 impavidi
583 1943 649 1974 equi
664 1951 671 1968 z

71 1986 74 1989 ⁴
96 1981 146 2002 eos
156 1975 231 2007 ipsos
242 1981 299 2002 non
312 1977 434 2001 sternere
443 1991 451 2004 ,
465 1982 526 2002 non
538 1973 674 2000 infraena-

99 2014 132 2033 re
150 2023 157 2035 ,
174 2012 224 2034 aut
241 2006 392 2034 ascendere
410 2006 495 2033 facile
513 2011 672 2039 poterant3

97 2039 193 2065 multo
219 2041 355 2069 maiorem
375 2045 459 2072 quam
479 2045 533 2072 pro
553 2044 673 2064 numero

95 2071 228 2102 equitum
240 2087 249 2100 ,
264 2076 403 2097 terrorem
421 2071 535 2097 Achaeis
546 2069 672 2096 inferen-

96 2103 185 2129 tibus.
203 2102 317 2129 Pedites
335 2108 403 2129 vero
421 2102 550 2128 ordinati
565 2101 593 2128 8<
604 2109 673 2133 prat-

94 2135 186 2167 parati
205 2133 315 2165 sparsos
332 2141 380 2166 per
398 2134 603 2166 negligentiam
616 2149 623 2162 ‚
642 2133 671 2160 δε

97 2165 279 2193 semisomnes
299 2172 387 2198 prope
405 2167 500 2192 adorti
520 2165 604 2192 sunt.-
625 2172 675 2191 εκ-

98 2197 149 2224 des
190 2197 265 2224 assim
282 2198 410 2231 fugaque
419 2204 468 2229 per
480 2203 592 2229 campos
602 2196 674 2222 facta

97 2228 148 2255 est.
198 2230 335 2262 iophanes
343 2229 455 2256 secutus
466 2229 672 2260 effiisos‘quoad

99 2263 195 2287 tntum
207 2261 266 2288 fuit
275 2277 284 2290 ‚
302 2267 405 2292 magno
416 2262 583 2288 Achaeorum
596 2261 674 2295 rgenti

99 2292 204 2319 dwore
220 2296 303 2324 parto
329 2292 541 2325 (spestaverant
558 2290 637 2319 enim
661 2299 675 2318 e

101 2324 245 2350 moenibus
268 2325 394 2357 Pergami
410 2331 470 2351 non
497 2324 551 2351 viri
577 2325 675 2354 modo,

99 2353 148 2390 sed
161 2355 285 2393 fmqinae
293 2357 397 2389 etiam)
414 2358 445 2385 in
455 2357 619 2391 prandium
627 2363 675 2385 ur-

97 2386 146 2416 bis
155 2388 256 2418 tedint-

718 165 788 196 cap.
808 165 834 190 x
845 165 870 189 x
883 165 908 190 1.
927 162 1044 190 Postero
1052 159 1101 189 die
1109 125 1263 195 regiaezgay-

684 196 727 230 gis
738 197 901 228 compontae
918 195 947 223 ὃς
964 195 1106 221 ordinate
1115 193 1266 223 stationes·

685 229 852 264 quingentis
871 227 990 260 pastibus
1007 227 1124 259 longius
1139 226 1175 252 ab
1193 227 1266 253 urbe

686 263 848 292 poluerunt
866 260 953 286 castra
973 267 979 284 ε
997 259 1026 286 Sc
1047 258 1143 284 Achaei
1161 259 1265 285 eodem

685 291 776 318 ferme
799 297 929 321 tempore
949 295 979 316 at
999 297 1035 316 ue
1046 291 1076 316 in
1086 290 1210 316 eundem
1221 290 1267 316 io-

685 330 751 350 cum
770 323 973 355 processerunt.
1014 328 1045 348 er
1060 322 1165 357 multas
1183 321 1271 348 horas

687 355 797 394 intenti
806 356 962 386 utrimque,
972 354 1050 380 velut
1058 360 1118 384 Jam
1129 353 1268 380 futurum

688 385 1270 455 iigi‘ssiossfffssiziffiss{5353ss

692 451 783 476 castra
800 456 911 481 tempus
932 454 1010 478 erat,
1030 450 1200 481 teguminis
1210 448 1272 474 col-

689 482 757 508 latis
789 483 867 508 abire
901 481 1013 514 agmine
1035 482 1072 507 ad
1097 481 1154 507 iter
1181 480 1275 512 magis

691 521 774 545 quam
791 515 827 541 ad
847 519 969 546 pugnam
978 512 1136 543 compnfito
1147 517 1273 544 coepere.

691 545 811 578 Qiievit
830 546 996 578 Diophanes
1007 561 1014 573 ,
1031 544 1099 570 dum
1112 545 1144 571 in
1153 542 1276 576 conspe·

692 578 739 604 stu
758 582 851 604 erant.
868 577 975 603 deinde
993 576 1094 602 eodem
1106 592 1115 605 ,
1132 583 1193 608 quo
1214 575 1274 607 pri-

688 609 737 635 die
760 625 767 637 ,
791 610 900 642 impetu
929 609 961 634 in
978 608 1150 640 postremum
1170 613 1273 640 agmen

691 641 834 667 incurrit:
853 645 965 666 tantum
988 645 1023 664 ue
1043 638 1139 666 rursus
1160 638 1276 671 pavoris

692 678 724 698 ac
744 672 887 699 tumultus
902 673 969 698 ineu
995 671 1032 699 it,
1052 676 1085 697 ut
1094 678 1182 702 quum
1194 675 1237 696 ter
1257 677 1274 697 a

692 703 869 730 caederentur
882 720 889 732 ‚
908 709 991 729 nemo
1013 703 1162 735 pugnandi
1181 709 1231 728 cau
1255 708 1273 728 a

693 735 832 761 restiterit
843 742 849 759 .·
868 734 1114 766 trepidantesque,
1126 735 1155 761 Sc
1166 735 1215 760 vix
1224 741 1275 760 or-

694 766 791 793 dinem
813 766 935 798 agminis
954 765 1113 794 servantes}
1131 766 1160 792 in
1182 765 1272 792 castra

694 798 833 828 comm-ilfi
853 796 931 823 sunt.
950 799 1019 823 Haec
1036 798 1205 824 Acuaeorum
1223 804 1276 823 au·

695 830 778 856 dacia
795 829 998 863 Seleucum-'ex
1016 835 1085 861 agro
1097 829 1273 861 Pergameno

694 868 808 887 movere
816 861 903 889 castra
912 861 1184 893 coegit.Antiochus
1194 861 1270 893 post-

692 899 811 924 eaquam
843 894 988 919 Romanos
1006 893 1035 919 se
1055 893 1212 919 Eumenem
1232 892 1271 919 ad

695 925 836 951 tuendum
866 925 1086 956 Adramytteum
1106 923 1210 951 veniffe
1226 930 1279 950 au-

694 956 771 983 divit
792 963 800 988 ;
827 963 860 982 ea
884 956 1001 988 quidem
1026 956 1096 982 urbe
1120 956 1281 987 abstinuit3

696 988 888 1020 depopulatus
896 994 989 1018 agros.
1008 988 1128 1014 Peraeam
1140 988 1275 1016 indemo-

697 1020 814 1048 loniam.
829 1021 1067 1052 Mitylenaeorum
1089 1019 1279 1051 expugnavit.

700 1053 812 1087 Cotton
833 1068 842 1081 ,
859 1052 888 1079 at
906 1052 1068 1083 Corylenus
1086 1067 1095 1079 ν
1111 1052 1141 1078 δε
1161 1051 1278 1083 Aphro-

700 1084 801 1112 diiias‚
813 1083 850 1110 δε
867 1085 981 1111 Crem,
1001 1084 1094 1116 primo
1115 1083 1222 1114 impetu
1231 1089 1279 1109 ca-

700 1122 755 1148 ptae
774 1114 854 1147 sunt..
872 1115 940 1140 inde
958 1121 1007 1148 per
1017 1115 1063 1140 'rh
1084 1115 1157 1141 atira
1168 1115 1280 1142 sardeis

700 1147 798 1174 rediit.
816 1146 947 1172 Seleucus
965 1148 994 1173 in
1005 1153 1064 1173 mar
1079 1147 1146 1172 tima
1156 1152 1206 1172 ora
1252 1152 1281 1172 r·

700 1184 816 1205 manens
828 1194 836 1207 ‚
856 1179 921 1205 aliis
930 1179 1052 1208 terrori,
1069 1178 1134 1205 aliis
1164 1185 1200 1204 rm
1213 1177 1280 1204 idio

698 1217 771 1238 erat.
800 1210 897 1236 Claflis
917 1211 1046 1237 Romana
1063 1217 1127 1236 cum
1175 1214 1282 1236 umene

702 1241 884 1274 Rhodiisque
895 1259 903 1272 ,
922 1242 1086 1274 Mitylenen
1097 1241 1192 1274 primo
1204 1257 1213 1269 ,
1234 1241 1296 1267 in·-

701 1275 737 1302 de
749 1280 829 1301 retro
837 1290 846 1301 ,
866 1274 943 1300 unde
954 1274 1080 1305 profecta
1088 1277 1160 1301 erat.
1171 1273 1278 1299 Elaeam

701 1306 802 1332 rediit.
820 1306 892 1332 Inde
913 1306 1056 1332 Phocaeam
1076 1310 1205 1338 petentes
1218 1320 1226 1333 ‚
1243 1304 1282 1331 ad

707 1338 830 1364 insulam
864 1343 950 1368 quam
982 1337 1119 1364 Baebium
1143 1341 1249 1363 vocant
1268 1352 1279 1366 ‚

704 1370 857 1399 (imminet
878 1369 943 1394 urbi
962 1368 1171 1398 Phocenlium)
1189 1374 1282 1400 appu-

700 1401 799 1428 lerunt
811 1417 820 1430 ‚
837 1401 867 1428 &
885 1401 988 1433 quibus
999 1406 1067 1428 ante
1085 1401 1283 1427 abstinuerant

704 1433 820 1465 templis
838 1448 846 1460 ‚
866 1432 886 1458 fi
929 1432 1008 1465 isque
1034 1433 1168 1465 (egregie
1184 1436 1282 1458 autem

704 1470 843 1492 exornata
861 1464 890 1490 in
907 1465 955 1490 ula
973 1466 1056 1496 erat)
1083 1470 1173 1496 quum
1191 1463 1283 1489 hosti-

704 1498 772 1524 liter
791 1496 990 1528 diripuiflenn
1007 1497 1043 1523 ad
1074 1495 1164 1529 ipsam
1183 1495 1286 1521 urbem

706 1527 938 1556 transmiserunt.
962 1535 1023 1555 eam
1043 1527 1142 1555 divisis
1160 1527 1238 1553 inter
1256 1525 1287 1553 se

706 1560 834 1593 partibus
853 1566 942 1595 quum
962 1564 1182 1592 oppugnarent,
1198 1559 1229 1586 St
1241 1559 1283 1584 vi-

705 1593 809 1619 derent
821 1608 830 1620 ‚
847 1591 907 1618 inne
924 1591 1060 1624 operibus
1080 1607 1089 1621 2
1103 1591 1211 1619 armis,
1231 1590 1289 1616 sta-

708 1623 802 1655 lisque
815 1639 822 1651 ,
838 1623 897 1654 capi
918 1629 979 1650 non
991 1623 1072 1656 'posse
1091 1628 1098 1635 ·
1117 1621 1226 1648 miffitm
1248 1623 1286 1648 ab

712 1656 862 1682 Antiocho
877 1655 1038 1688 praeiidium
1057 1659 1085 1682 tr
1099 1661 1118 1680 u
1159 1652 1286 1680 millium

711 1692 886 1715 armatorum
905 1694 994 1720 quum
1013 1686 1130 1714 intrass‘e
1161 1685 1261 1712 urbem
1274 1689 1285 1698 ·

710 1719 857 1759 extemplo
865 1718 1082 1757 oppugnatione
1090 1715 1195 1756 omissis
1200 1732 1208 1746 2
1217 1701 1292 1743 clai'-

711 1752 749 1778 sxs
758 1752 793 1778 ad
803 1750 926 1778 insulam
936 1752 964 1778 ie
978 1751 1086 1782 recepit
1095 1755 1106 1782 ς
1124 1749 1200 1776 nihil
1208 1747 1292 1776 aliud

730 1790 795 1810 uam
820 1783 999 1816 depopulato
1024 1783 1099 1811 circa
1116 1782 1217 1810 urbem
1238 1781 1294 1808 120·

738 1817 797 1842 ium
843 1821 887 1840 ro.

745 1820 892 1880 capagxx
903 1847 917 1873 1
929 1847 953 1872 1.
970 1847 1043 1874 Inde
1057 1845 1167 1880 placuit
1185 1844 1293 1870 Eume-

716 1885 780 1906 nem
799 1879 916 1906 domum
934 1879 1044 1906 dimitti
1057 1893 1066 1907 2
1081 1877 1112 1905 St
1132 1881 1290 1910 praeparare

712 1910 826 1938 consuli
835 1915 921 1942 atque
930 1910 1146 1942 exercitui‚quae
1156 1909 1191 1935 ad
1201 1905 1298 1935 trans-

716 1944 788 1970 itum
799 1941 981 1976 Hellesponti
993 1949 1065 1975 opns
1073 1941 1170 1969 efl‘ent:
1185 1941 1292 1966 Roma-

716 1981 782 2001 nam
794 1974 996 2007 Rhodiamque
1013 1974 1120 2001 ciafl'em
1139 1972 1235 1998 redire
1245 1972 1293 1997 Sa-

717 2003 1293 2070 inmissi}gissiffffiz‘zsssfnff&

723 2046 826 2098 {laeam
838 2087 847 2100 ,
867 2071 992 2096 Romani
1009 2069 1037 2097 St
1052 2069 1162 2096 Rhodii
1181 2069 1296 2093 samum

717 2101 1112 2130 redierunt.1biM.AEmilius
1120 2099 1212 2125 frater
1222 2104 1296 2130 prae·

720 2136 792 2161 toris
812 2133 936 2161 decessit.
949 2133 1070 2160 Rhodii,
1083 2129 1233 2158 celebratis
1242 2134 1293 2156 ex·

717 2166 825 2199 sequiis
837 2182 845 2194 ,
863 2165 993 2192 adversus
1012 2163 1122 2191 classem
1146 2167 1231 2194 quam
1250 2159 1295 2188 fa—

721 2205 766 2224 ma
783 2203 863 2225 erat,
879 2202 914 2223 ex
934 2197 1015 2229 syria
1025 2196 1142 2222 venire,
1157 2192 1296 2232 tredecim

720 2230 777 2256 suis
795 2229 914 2255 navibus
932 2227 1029 2255 &una
1047 2229 1109 2253 Coa
1137 2229 1296 2262 maquere-

720 2263 777 2289 mi,
794 2262 885 2288 altera
903 2261 1031 2288 Gnidia,
1048 2259 1096 2285 Rh
1127 2264 1186 2296 ‚um
1202 2260 1237 2283 ut
1257 2254 1302 2282 ubl

719 2294 751 2319 in
764 2293 885 2320 statione
894 2292 979 2319 essent
990 2308 998 2320 ‚
1015 2289 1135 2321 profesti
1144 2288 1223 2316 sunt.
1244 2287 1300 2314 Bi·

719 2325 779 2351 duo
799 2329 867 2350 ante
884 2329 969 2355 quam
988 2317 1302 2349 Eudamuscmnclasse

721 2357 736 2382 a
757 2357 838 2383 Samo
858 2356 969 2382 veniret
985 2353 1157 2386 ‚.,tredecim
1176 2351 1192 2378 a
1213 2351 1299 2378 Rho·

721 2388 763 2418 do
782 2393 867 2418 naves
884 2385 1155 2422 cmuramplnliarie‘
1161 2381 1300 2444 ⁹¹23,ssss
