1414 2655
175 128 240 166 166

171 174 298 204 tractus,
313 173 345 202 ae
365 173 482 204 Tiberis
491 175 582 204 offla:
601 181 637 205 ut
647 179 759 211 praedo.

169 212 223 234 nes
239 207 377 234 maritimi
399 214 465 234 eum
486 209 670 237 terrestribus
679 218 750 238 con-

169 238 274 272 gressi,
289 239 410 297 anciffiti
429 240 516 279 semel
533 242 638 280 proelio
655 244 753 270 decer-

170 271 274 300 tarint,
287 271 345 298 dub
369 278 427 303 que
435 272 610 301 disteflermt
622 275 652 301 in
663 276 752 303 castra

170 303 263 330 Galli.
276 304 372 330 Graeci
381 308 461 331 retro
472 305 508 333 ad
519 312 612 335 naves,
621 308 713 335 victos
724 307 753 334 se

175 339 216 362 an
228 333 349 362 victores
365 341 509 368 putarent.
529 339 610 365 Inter
620 339 678 366 haec
687 341 752 366 lon-

165 371 204 399 ae
225 366 366 393 maximus
385 369 484 395 extitit
495 373 608 398 terror,
628 372 752 398 concilia

168 398 347 434 populorum
357 399 533 427 Latinorum
543 402 578 429 ad
589 402 685 430 lucum
697 404 753 429 Fe-

167 430 296 457 rentinae
307 430 405 458 habita
418 439 424 458 :
445 432 666 467 responsumque
677 436 753 462 haud

171 462 339 494 ambiguum
358 463 568 496 imperantibus
576 467 682 493 milites
689 468 753 494 *Ro-

170 494 267 520 manis
284 494 403 524 darum,
422 496 586 524 absisterent
615 499 754 529 imperare

167 524 217 553 ils.
227 530 353 556 quorum
362 529 475 554 auxillo
484 534 611 561 egerent.
629 531 756 557 Latinos

169 562 226 589 pro
244 554 298 594 sua
312 557 444 586 libertate
461 561 559 591 potins
575 577 584 590 ‚
605 568 690 594 quarn
701 569 754 594 pro

171 587 272 624 allenq
290 591 412 621 imperio
433 591 544 619 laturos
562 598 650 619 arma.
671 595 754 620 Inter

170 620 235 647 duo
251 620 336 647 timul
359 621 435 649 bella
454 629 578 653 externa,
592 625 755 653 defectione

167 650 257 678 etiam
268 651 409 680 sociorum
419 654 532 682 senatus
540 658 656 687 anxius,
665 665 755 689 quum

168 688 300 710 cerneret
315 690 392 712 metu
411 689 552 714 tenendos
563 704 570 715 ‚
592 696 665 721 quos
683 690 755 716 fides

170 720 233 741 non
246 716 401 749 tenuisiet3
421 720 576 746 extendere
593 727 690 747 omnes
701 723 755 748 im-

173 747 247 778 peril
260 747 334 774 vires
353 748 485 776 consules
497 752 607 778 dele-{tu
620 753 755 779 habendo

171 778 265 809 Juflit.
281 780 362 807 civili
390 782 477 813 uippe
487 783 617 810 standum
625 785 754 812 exercitu

174 810 238 838 esse.
248 812 366 842 quando
388 814 490 840 ocialis
500 820 592 842 coetus
601 816 753 852 desereret.

171 842 332 875 Undique.
352 851 412 871 non
430 846 539 872 urbana
557 852 687 877 tantum,
707 848 753 875 led

171 874 260 901 etiam
276 876 378 911 agresti
396 876 548 907 juventute
559 896 568 909 ‚
588 880 684 906 decem
714 881 755 906 lc-

167 906 270 938 giones
288 908 563 941 lcriptaedicuntur,
582 917 754 943 quaternum

168 938 296 964 millium
316 940 345 966 δε
364 940 542 968 ducenorum
560 943 686 975 peditum
700 961 708 972 ‚
726 951 756 969 e-

169 970 345 1003 quitumque
363 976 556 1000 trecenorum.
575 982 657 1006 quem
677 983 755 1002 nunc

168 1007 280 1028 novum
289 1004 446 1031 exelcitum
458 1020 467 1033 s
486 1006 508 1031 ii
520 1012 574 1037 qua
584 1011 703 1033 externa
715 1009 756 1034 vis

168 1032 307 1066 Ingruat‚
328 1036 370 1060 hae
389 1043 462 1063 Vires
491 1039 592 1068 populi
614 1040 750 1068 Romani,

168 1071 241 1097 quas
263 1066 312 1092 vix
329 1071 470 1093 terrarum
480 1070 555 1099 capit
567 1071 644 1097 orbis
657 1087 664 1099 ‚
685 1078 755 1098 con-

168 1097 266 1124 trastae
277 1098 307 1124 in
326 1104 416 1126 unum
428 1101 502 1126 haud
514 1100 597 1127 facile
607 1102 733 1129 efficiant
747 1110 753 1127 t

168 1128 243 1155 adeo
270 1130 303 1156 in
324 1137 389 1163 quae
405 1131 568 1159 laboramus
585 1133 646 1161 sola
666 1135 756 1161 crevi-

169 1166 251 1191 mus,
272 1162 409 1191 divitias,
427 1163 639 1198 luxuriamque.
674 1168 755 1193 Inter

168 1197 270 1220 caetera
280 1193 372 1220 tristia
388 1195 451 1225 ejus
467 1197 538 1223 anni
552 1215 558 1226 ‚
571 1196 753 1225 consulalter

167 1225 228 1257 Ap.
248 1226 389 1252 Claudius
410 1227 441 1253 in
463 1227 525 1259 ipso
536 1229 603 1255 belli
616 1236 753 1262 apparatu

166 1256 306 1283 moritur.
326 1258 527 1295 redierantque
546 1267 590 1286 res
600 1263 636 1288 ad
649 1263 756 1289 Camil·

168 1287 250 1314 ium:
271 1289 319 1315 cui
337 1290 426 1316 unico
435 1292 611 1320 commin-el
621 1293 659 1319 ob
669 1294 753 1321 aliam

168 1319 369 1351 dignationem
388 1322 464 1349 haud
483 1322 689 1354 subjiciendam
709 1326 752 1352 di-

166 1350 297 1379 staturae,
307 1354 353 1379 vel
364 1353 401 1378 ob
411 1361 498 1381 omen
509 1355 631 1382 faustum
640 1357 674 1383 ad
683 1358 753 1384 Gal-

164 1382 256 1410 licum
266 1385 425 1411 tumultum
443 1388 624 1418 cognominis
634 1405 643 1418 ,
663 1389 753 1415 dista-

166 1418 261 1441 torem
287 1422 354 1443 arro
373 1418 415 1444 ari
435 1418 512 1446 haud
532 1418 599 1446 finis
616 1420 752 1448 decorum

166 1445 259 1473 visum
286 1447 326 1474 est
353 1423 498 1477 §astibus-
516 1451 625 1478 consul
644 1453 752 1480 duabus

164 1478 332 1511 legionibus
339 1481 406 1507 urbi
418 1482 576 1513 praeposttis
585 1500 594 1513 ,
613 1484 679 1509 osto
688 1491 751 1511 cum

172 1511 211 1536 Ι..
237 1511 355 1538 Pinario
376 1518 498 1545 praetore
507 1515 624 1545 divisis,
643 1522 752 1551 memor

189 1547 295 1569 aternae
313 1544 448 1574 virtutis,
467 1546 612 1573 Gallicum
631 1548 683 1575 ilbi
695 1547 753 1574 bel-

182 1581 230 1600 um
248 1579 331 1602 extra
347 1574 455 1603 sortem
474 1575 583 1605 sumit.-
601 1585 751 1610 pratorem

172 1606 348 1633 maritimam
359 1614 439 1634 oram
452 1610 542 1636 tutari
551 1626 560 1639 ,
578 1611 751 1644 Graecosque

167 1643 265 1664 arcere
283 1638 434 1666 littoribus
451 1640 542 1671 juflit.
559 1641 590 1669 Sc
629 1649 698 1668 uum
718 1644 748 1669 in

167 1675 270 1702 agrum
280 1670 465 1703 Pomptinum
475 1672 608 1699 descendi
633 1680 671 1703 et,
682 1676 750 1707 quia

167 1706 263 1733 neque
283 1701 314 1727 in
334 1704 438 1735 campis
457 1705 594 1738 congredi
612 1706 694 1733 nulla
705 1714 751 1733 co-

167 1736 254 1765 gente
264 1740 294 1759 re
307 1734 421 1761 volebat
432 1751 440 1764 ‚
457 1736 487 1763 8:
504 1736 687 1768 prohibendo
699 1745 750 1770 po-

167 1765 386 1796 pulationibus,
405 1773 478 1799 quos
497 1774 527 1794 ra
549 1773 580 1795 to
598 1769 691 1795 vivere
701 1777 748 1796 ne-

163 1796 276 1824 ceffitas
294 1802 423 1831 cogeret.
437 1798 503 1826 latis
542 1802 633 1827 omari
653 1802 748 1831 crede,

166 1828 215 1886 {²1²}
234 1828 364 1867 hostem3
385 1830 481 1858 locum
493 1831 631 1858 idoneum
640 1833 750 1861 stativis

191 1865 205 1885 e
219 1866 233 1885 e
253 1865 287 1887 tt.

201 1866 271 1924 Εξρ.
298 1893 432 1920 xxvi.
458 1893 517 1920 Ubi
538 1901 627 1926 quum
649 1896 749 1923 statio-

166 1922 254 1949 nibus
283 1925 356 1951 uieti
368 1929 478 1957 tempus
489 1930 615 1953 tererent
625 1944 632 1956 ‚
647 1929 749 1956 Gallus

187 1961 252 1981 roce
277 1960 300 1982 it
326 1958 526 1989 magnitudine
549 1964 635 1990 atque
661 1961 748 1987 armis

179 1986 304 2019 nsignis:
327 1988 515 2020 quatiensque
537 1989 646 2017 stutum
659 1991 746 2020 hasta,

165 2024 257 2050 quum
282 2019 430 2046 iilentium
458 2020 582 2051 fecisset,
611 2029 748 2054 provocat

163 2056 216 2083 per
234 2050 421 2082 interpretem
441 2058 531 2079 unum
551 2059 587 2079 ex
598 2055 746 2084 Romanis,

186 2081 218 2108 ui
239 2081 332 2109 secum
351 2083 430 2110 ferro
450 2085 595 2111 decernat.
622 2086 665 2111 M.
686 2092 746 2113 erat

196 2113 302 2140 alerius
327 2115 462 2142 tribunus
488 2116 634 2146 militum,
652 2118 746 2145 adole-

163 2142 262 2173 scens,
282 2146 333 2179 qni
354 2147 430 2173 haud
450 2148 645 2180 indigniorem
656 2155 689 2175 eo
699 2151 748 2176 de-

164 2182 233 2202 core
243 2176 271 2203 se
281 2184 366 2210 quam
378 2179 564 2205 T.Manllum
574 2186 662 2210 ratuS,
671 2183 749 2213 prius

163 2206 326 2235 sciscitatus
343 2210 470 2237 consulis
489 2211 689 2241 voluntatem,
717 2214 747 2239 in

165 2240 290 2266 medium
301 2247 428 2268 armatus
437 2242 580 2274 proceffit.
592 2243 693 2271 Minus
703 2245 749 2270 in-

161 2270 242 2303 ligne
255 2277 395 2299 certamen
407 2274 694 2306 humanumssnumine
705 2277 749 2303 in-

163 2303 306 2334 terpoflto
333 2304 462 2331 Deorum
478 2305 596 2335 fastum.
618 2312 748 2340 *namque

161 2333 326 2361 conterenti
345 2336 404 2365 jam
413 2342 527 2369 manum
539 2339 673 2365 Romano
685 2346 748 2365 cor·

162 2369 214 2391 vus
226 2371 341 2398 repente
354 2367 382 2393 in
393 2368 474 2400 galea
483 2368 611 2397 consedit
625 2387 633 2399 ‚
653 2371 683 2397 in
695 2372 746 2397 ho·

160 2396 229 2425 aem
250 2397 366 2431 versus3
394 2400 473 2432 quod
495 2401 590 2433 primo
607 2406 642 2431 ut
658 2409 746 2437 augu-

635 132 683 168 T.
725 135 924 172 Ltvtt

799 181 874 209 rium
884 183 960 211 coelo
969 183 1082 213 mlffum
1093 202 1102 216 ‚
1115 185 1199 215 imma
1207 188 1317 229 accepit
1325 191 1381 221 tri·

797 213 903 251 hunus.
923 222 1052 247 precatus
1060 218 1184 252 deinde5
1205 220 1238 248 Si
1247 223 1338 249 divus
1354 229 1360 236 *

796 242 1087 287 divaefflt‚quifibi
1118 255 1241 285 raepetem
1252 253 1316 288 mist
1350 260 1376 289 ι,

796 278 1046 314 valempropmus
1065 287 1085 307 a
1105 279 1176 315 ςθὲτ.
1195 285 1321 313 Distum
1335 294 1379 318 ra-
1413 296 1414 317 1

798 309 865 340 bile,
875 314 972 339 tenuit
979 319 1038 339 non
1049 313 1141 341 solum
1150 316 1207 343 ales
1217 322 1328 350 captam
1338 319 1380 348 fe-

797 342 854 368 mel
865 341 968 374 sedem,
988 343 1036 372 sed
1065 347 1281 382 uotlescumque
1290 356 1382 380 certa-

797 379 861 410 men
874 375 981 402 initum
992 352 1150 406 eltflevans
1159 379 1188 405 se
1196 381 1259 416 alis,
1269 387 1303 409 os
1311 383 1382 412 ocu-

795 406 896 440 lolque
906 408 995 435 hostis
1004 410 1097 436 rostro
1106 411 1135 437 &
1146 413 1290 444 unguibus
1299 420 1334 446 ap

796 437 951 476 tiitnionec
960 442 1093 468 territum
1103 443 1230 477 prodigii
1241 445 1308 472 ralis
1319 422 1381 475 vim

798 470 948 502 oculisque
966 472 1049 500 fimui
1060 480 1092 500 ac
1113 480 1210 502 mente
1219 477 1378 509 turbatum.

798 501 933 529 Valerius
941 505 1107 532 obtruncat.
1124 513 1227 534 corvus
1235 505 1250 533 ὲ
1261 508 1381 542 conspe-

795 532 844 571 stq
860 534 952 561 elatus
970 537 1113 564 orientem
1125 538 1209 569 petit.
1230 539 1378 570 Rabienus

795 570 899 597 quietae
908 568 1055 601 utrimque
1064 569 1200 597 stationes
1207 571 1382 604 ruere-post.

796 603 880 628 quam
897 596 1019 630 spoliare
1037 608 1141 635 corpus
1158 603 1219 629 caefi
1228 603 1316 631 hostis
1325 605 1382 632 tri·

795 628 889 656 bunus
908 632 1015 664 coepit5
1044 639 1097 660 nec
1111 634 1190 660 Galli
1209 633 1238 660 se
1253 635 1381 665 statione

796 666 973 689 renuerunt.
989 663 1020 691 8(
1047 666 1250 693 Romanorum
1278 667 1380 697 cursus

797 693 833 719 ad
844 694 979 721 victorem
988 695 1073 721 etiam
1083 696 1164 723 ocior
1175 697 1243 726 fuit.
1262 699 1308 726 Ibi
1319 700 1376 727 cil·-

795 731 826 750 ca
854 726 976 756 jacentis
998 727 1077 754 Galli
1097 736 1201 761 corpus
1226 731 1378 760 contracto

798 758 949 784 certamine
962 774 970 787 ,
988 765 1085 790 pugna
1103 766 1188 787 atrox
1199 763 1375 791 concitatur.

798 789 861 821 Jam
872 795 932 814 non
951 791 1107 822 manipulis
1136 793 1314 820 roximarum
1324 795 1380 822 sta·

797 820 913 846 tionum
923 837 931 850 ,
949 819 995 847 secl
1009 823 1115 854 legioni
1137 831 1170 850 us
1178 825 1325 858 utrimque
1333 825 1378 854 es·-

798 851 867 877 fusis
876 858 920 878 res
928 855 1049 883 aeritur.
1070 856 1206 883 Camillus
1216 857 1313 884 laetum
1321 858 1381 885 ml-

797 884 877 910 litem
904 885 1023 912 victoria
1049 887 1179 916 tribuni,
1199 889 1296 916 laetum
1317 893 1376 917 tam

798 916 982 947 praesenribus
999 924 1030 943 ac
1048 918 1180 945 secundis
1189 920 1272 950 Diis,
1290 921 1378 948 irein

799 949 932 978 proellum
956 949 1034 978 jubet
1055 957 1062 975 :
1090 951 1288 983 ostentansque
1309 953 1379 979 inii-

796 978 1379 1045 ΞΣῖῖἓιῖβῑῑέῗἐξέῗῑωὲᾞὶῖἐέηὲἔὲἵῆἒῗῖ

798 1043 896 1068 ducem
897 1043 992 1075 sterne
1003 1043 1149 1070 Gauorum
1160 1023 1304 1073 caterzvas.
1326 1047 1378 1076 Dii

798 1074 986 1107 hominesque
1005 1076 1050 1102 illi
1069 1076 1176 1104 afluere
1186 1085 1309 1111 pugnam
1329 1079 1379 1107 de-

799 1111 1025 1169 ffiss‘effiffnnssiii‘ia
1041 1108 1276 1169 23¹1¹1i¹b¹¹2²ffl¹5²2¹st
1287 1116 1379 1171 ‘2¹21ss

794 1169 919 1195 duorum
930 1171 1058 1197 militum
1069 1174 1294 1203 eventum,inter
1304 1179 1380 1213 quos

797 1206 953 1233 pugnatum
963 1207 1025 1229 erat
1037 1219 1044 1231 ‚
1063 1208 1184 1236 utraque
1192 1206 1264 1232 acles
1273 1206 1378 1234 animis

792 1235 1380 1301 335253513211352‘2‘35252‘333‘3⁵2÷r2¹2¹<⁰13¹0¹2¹¹.

793 1297 866 1323 lium
887 1296 947 1324 fuir
968 1305 974 1322 z
997 1298 1058 1334 alia
1077 1300 1257 1330 multitudo,
1284 1299 1379 1334 prius-

795 1334 880 1361 quam
893 1330 928 1356 ad
939 1330 1099 1360 comestum
1109 1332 1162 1359 teli
1174 1331 1286 1360 veniret
1301 1348 1310 1362 ,
1321 1338 1378 1359 ter-

796 1365 829 1392 ga
849 1362 948 1387 vertit.
966 1361 1064 1388 Primo
1084 1370 1133 1393 per
1145 1362 1265 1390 Volscos
1276 1364 1376 1391 Faler-

792 1399 920 1424 numque
935 1398 1034 1424 agrum
1053 1394 1179 1453 dissigari
1198 1394 1284 1435 sunt:
1307 1396 1377 1424 inde

793 1425 930 1455 Apuliam
941 1431 971 1451 ac
991 1431 1067 1451 mare
1078 1427 1108 1452 in
1141 1433 1205 1454 rum
1216 1432 1376 1459 petierunt.

794 1455 905 1482 Consul
916 1473 925 1485 ,
943 1457 1082 1483 cendone
1100 1459 1237 1486 advocata
1249 1475 1257 1488 ‚
1276 1459 1377 1487 lauda·

792 1492 854 1514 tum
873 1488 1043 1518 tribunum,
1064 1489 1158 1516 decem
1177 1490 1266 1517 bobus
1277 1497 1376 1518 aurea-

792 1526 848 1551 que
866 1526 974 1547 corona
993 1521 1093 1559 donat.
1112 1521 1172 1554 ipse
1189 1522 1277 1553 jussus
1286 1523 1322 1549 ab
1331 1522 1373 1550 se-

794 1557 865 1577 natu
876 1551 983 1578 bellum
995 1553 1170 1580 maritimum
1180 1560 1280 1581 curare
1290 1570 1298 1584 ‚
1309 1561 1374 1582 cum

792 1588 914 1615 prtetore
933 1584 1033 1614 junxit
1050 1584 1147 1611 castra.
1165 1585 1204 1611 ibi
1216 1602 1225 1615 ,
1242 1586 1310 1618 quia
1329 1592 1374 1614 res

791 1614 868 1641 trahi
893 1614 1015 1647 segnitia
1033 1617 1198 1643 Graecorum
1217 1624 1276 1643 non
1297 1624 1375 1645 com-

792 1646 971 1673 mittentium
990 1646 1066 1675 ie·in
1093 1648 1184 1675 aciem
1201 1649 1374 1680 videbatur,

790 1678 959 1704 dictatorem
995 1680 1181 1707 comitiorum
1208 1680 1298 1708 caussa
1333 1682 1374 1708 Τ.

791 1710 935 1737 Manlium
956 1711 1138 1742 Torquatum
1159 1718 1194 1738 ex
1204 1712 1376 1741 austoritate

789 1740 901 1780 senatus
910 1742 998 1769 dixit.
1019 1743 1170 1783 Distat-or,
1191 1744 1324 1783 magistro
1344 1751 1378 1772 e.

789 1775 1374 1844 ssgssffiffifflssossffigffissuffiflssmfflfissl

790 1843 845 1867 que
863 1838 976 1864 decoris
996 1836 1040 1864 sui
1059 1837 1202 1864 absentem
1230 1840 1273 1864 M.
1288 1840 1373 1867 Vale-

789 1869 865 1894 rium
883 1870 1009 1896 Corvum
1029 1870 1078 1901 (id
1098 1871 1175 1897 enim
1200 1870 1244 1897 illi
1265 1871 1371 1899 deinde

789 1901 968 1932 cognominis
987 1900 1064 1933 fuit)
1084 1901 1194 1928 summo
1213 1902 1312 1929 favore
1320 1908 1371 1935 po·

789 1932 851 1963 puli
862 1937 918 1959 tres
927 1932 957 1959 St
976 1933 1082 1964 viginti
1092 1939 1192 1959 natum
1202 1938 1374 1960 annos.con-

790 1962 880 1990 sulem
899 1965 1089 1990 renunciavit.
1108 1965 1218 1998 collega
1228 1966 1324 1991 corvo
1334 1965 1371 1992 de

791 1995 872 2027 plebe
883 2011 891 2024 ‚
913 1996 958 2021 M.
969 1996 1113 2027 Popillius
1127 1998 1226 2023 Laenas
1236 2002 1372 2029 quartum

791 2026 892 2053 consul
910 2027 1027 2054 futurus
1049 2028 1132 2055 datus
1141 2028 1190 2055 est.
1209 2029 1374 2055 cumGrae·

791 2058 830 2085 cis
839 2059 855 2084 a
865 2059 991 2085 Camillo
1001 2060 1083 2086 nulla
1093 2060 1286 2087 memorabilis
1297 2060 1374 2093 gesta

792 2096 855 2117 res:
874 2095 927 2117 nec
951 2090 996 2117 illi
1025 2096 1119 2121 terra,
1148 2098 1200 2118 nec
1221 2092 1369 2118 Romanus

793 2123 862 2148 mari
882 2122 1003 2149 bellator
1025 2128 1097 2149 erat.
1123 2122 1265 2150 Postremo
1283 2130 1372 2163 quum

791 2154 940 2181 littoribus
964 2159 1128 2181 arcerentur
1149 2172 1158 2183 .
1189 2161 1262 2186 aqua
1285 2161 1374 2192 ettam

794 2183 896 2218 &aeter
915 2191 1015 2212 caetera
1035 2186 1185 2213 necessaria
1211 2186 1276 2223 usui
1303 2188 1379 2214 defl-

794 2216 886 2243 clente
898 2234 906 2247 ‚
923 2217 1038 2244 Italiam
1049 2218 1202 2250 reliquere.
1222 2220 1314 2249 culus
1324 2225 1375 2251 ρο·

793 2249 854 2280 puli
866 2255 897 2274 ea
909 2264 917 2277 .
926 2248 1062 2282 cujusque
1070 2249 1167 2282 gentis
1175 2249 1262 2276 clanis
1273 2251 1376 2287 tuerit.

794 2280 953 2308 nihiiccrti
971 2281 1021 2307 est.
1039 2281 1161 2310 maxime
1180 2282 1282 2308 Sicilire
1291 2282 1374 2309 fuisse

794 2316 934 2343 tyrannos
953 2312 1137 2339 crediderim.
1164 2319 1227 2338 nam
1249 2314 1374 2340 ulterior

793 2344 904 2370 Graecia
922 2351 954 2370 ea
970 2344 1134 2376 tempestate
1154 2344 1292 2372 intestino
1308 2344 1374 2373 feffi

794 2374 887 2407 bello,
905 2376 964 2409 iam
981 2375 1173 2405 Macedonum
1191 2383 1257 2411 opes
1275 2378 1376 2404 horre-

793 2406 850 2434 bat.

1300 2440 1374 2472 cap.
