1414 2655
139 109 251 180 guqque
274 143 414 183 Romanis
433 142 542 171 auxilli
565 144 643 172 foret
667 152 672 167 .-
691 151 724 171 ac

162 185 230 210 rope
240 184 339 205 omnes
357 177 484 209 scipioni
497 178 649 207 Graeciam,
659 178 722 203 1.ae-

137 187 182 239 fio
191 211 304 237 Italiam
316 210 515 236 decreverunt.

176 244 246 275 Cap.
279 244 291 268 1
304 243 329 268 Ι.
358 241 498 267 I'raetores
518 240 586 277 inde
605 241 725 272 provin-

137 274 197 302 cias
218 274 314 301 sortitl
331 279 338 304 3
355 274 393 299 L.
406 273 622 305 Aurunculeius
639 273 722 299 urba-

139 313 218 334 nam,
231 308 287 332 cn.
300 306 421 332 Fulvius
431 305 620 338 peregrinam,
632 304 723 332 1..AE-

142 339 244 365 milius
266 338 396 374 Regillus
416 336 527 365 clafl‘em
546 352 554 365 ‚
575 337 726 369 1'.Junius

139 370 371 397 Brutusrulcos,
379 369 685 401 bLTucciusApuliam
695 369 724 395 8<

141 401 451 430 Bruttios‚C.Atinius
463 399 723 428 Siciliam.consuli

138 434 246 461 deinde
257 450 264 463 ‚
275 435 322 459 cui
331 435 440 459 Graecia
451 434 595 463 provincis
610 433 724 459 decreta

142 471 206 492 erat
216 482 224 495 ‚
245 466 280 492 ad
293 473 356 492 eum
366 465 525 492 exercitum
536 471 620 497 quem
630 463 645 490 a
658 465 723 490 Ma—

141 498 196 524 nio
224 498 322 524 Acilio
358 499 368 529 (
390 498 452 524 duae
478 502 570 532 autem
599 497 726 532 legiones

146 529 250 560 erant)
270 535 439 561 accepturus
457 529 523 555 efiet
539 545 545 556 ‚
569 529 600 553 in
614 528 726 560 supple-

142 567 272 588 mentum
292 562 393 588 addita
405 561 532 591 peditum
545 561 650 587 civium
664 561 720 585 Ro-

143 599 296 620 manorum
308 594 364 619 tria
373 593 585 625 millia‚equires
595 598 722 620 centum,

144 624 175 652 8<
194 625 302 651 socium
327 625 427 651 Latini
449 625 577 650 nominis
593 626 723 655 quinque

142 657 247 684 millia,
258 658 368 689 equites
377 657 514 682 ducenti:
529 656 557 682 ἃς
570 656 722 692 adjestum3

144 694 179 716 ut
197 696 286 721 quum
298 690 327 715 in
340 689 509 718 provinciam
522 688 636 714 veniliet
650 704 657 715 ,
676 688 696 713 ίι
709 696 723 713 e

142 721 290 754 republica
309 721 455 747 videretur
473 720 542 748 effe,
565 720 722 754 exercitum

144 753 177 778 in
197 753 290 779 Asiam
310 752 469 783 trajiceret.
498 752 592 778 Alteri
610 752 724 778 conluli

145 789 227 811 totus
238 791 329 811 novus
339 784 482 811 exercitus
492 785 622 810 decretus
633 804 637 807 .
660 783 724 809 duae

141 816 272 848 legiones
284 819 422 843 Romanae
437 832 443 843 ‚
463 815 491 842 Sc
504 815 613 842 socium
624 816 725 841 Latini

145 848 274 875 nominis
284 864 291 876 ,
305 847 469 879 quindecim
479 847 572 873 millia
582 848 723 878 peditum,

142 881 255 911 equites
276 880 412 907 sexcenti.
431 879 598 906 Exercitum
618 885 653 904 ex
675 879 726 904 Li-

142 912 263 969 &nribus
275 913 312 944 Q.
325 911 473 938 Minucius
489 912 558 942 (jam
569 911 644 936 enim
659 917 727 936 con-

161 943 248 970 ectam
260 943 438 976 provinciam
447 941 597 973 scripserat
607 958 615 971 ‚
635 942 663 969 8<
676 943 727 968 Li-

144 980 249 1007 gurum
268 982 353 1002 omne
373 981 479 1001 nomen
497 975 527 1000 in
547 974 726 1001 deditionem

147 1006 273 1037 venisi‘e)
292 1007 442 1034 traducere
459 1007 491 1032 in
513 1007 603 1037 Bojos
617 1023 624 1035 ,
640 1006 723 1041 &ju

147 1040 291 1065 Cornelio
303 1038 467 1071 proconsuli
479 1040 592 1065 tradere
603 1054 610 1066 ,
623 1038 722 1068 Julius.

148 1071 196 1096 Ex
208 1077 277 1101 agro
287 1087 295 1100 ‚
315 1078 374 1103 quo
384 1071 473 1097 victos
486 1070 561 1096 bello
572 1070 723 1096 multtave-

147 1107 194 1128 rat
204 1103 293 1133 Boios
306 1119 313 1131 ,
324 1103 450 1129 dedustae
460 1102 575 1138 urbanae
585 1102 723 1133 legiones,

143 1140 209 1166 quae
230 1135 327 1165 priore
345 1141 423 1160 anno
442 1134 610 1166 conlcriptae
628 1139 721 1163 erant,

145 1167 192 1192 M.
206 1167 316 1193 Tuccio
334 1167 450 1197 praetori
467 1167 538 1193 datae
549 1182 558 1196 ‚
575 1165 722 1222 &facium

579 1203 629 1223 uin
654 1204 725 1223 eclm

144 1198 245 1224 Latini
266 1198 394 1224 nominis
412 1199 541 1231 peditum

588 1229 723 1260 Apuliam

147 1230 249 1256 millia,
261 1230 372 1259 equites
383 1229 530 1259 sexcenti,
540 1236 556 1255 a

148 1261 341 1293 Bruttiosque
358 1262 544 1288 obtinendos.
564 1263 601 1286 Α.
614 1263 725 1287 Corne-

145 1293 188 1319 lio
199 1293 354 1326 ruperioris
365 1295 435 1319 anni
446 1292 624 1324 praetori,un
637 1293 724 1320 Brut-

144 1325 204 1352 tios
214 1333 276 1352 cum
288 1326 415 1352 exercitu
428 1325 593 1352 obtinuerat
605 1341 612 1353 ‚
635 1325 724 1356 impe-

145 1363 253 1385 ratum,
264 1358 284 1383 ii
297 1358 337 1383 ita
349 1357 460 1383 consuli
472 1357 627 1385 videretur,
638 1362 673 1383 ut
683 1356 723 1382 le-

141 1391 244 1421 giones
264 1390 294 1415 in
318 1389 457 1415 AEtoliam
478 1388 608 1419 trajectas
618 1389 723 1414 Manio

145 1422 247 1448 Acilio
266 1422 390 1447 tradcret
403 1428 412 1452 ς
429 1421 449 1447 si
461 1422 483 1447 is
493 1426 606 1446 manere
616 1420 658 1446 ibi
669 1421 727 1447 vel-

139 1452 196 1479 let.
214 1454 234 1479 fi
256 1454 368 1480 Acilius
379 1453 472 1479 redire
485 1454 603 1478 Romam
615 1452 724 1481 mallct,

141 1489 178 1510 ut
200 1486 237 1511 Α.
251 1486 404 1511 Cornelius
422 1491 485 1511 curn
505 1490 539 1511 eo
549 1483 678 1510 exercitu
690 1484 722 1510 in

143 1516 260 1544 AEtolia
280 1522 450 1542 remaneret.
474 1517 506 1541 C.
522 1516 656 1541 Atinium
668 1516 724 1541 La-

142 1547 264 1575 beonem
284 1549 459 1578 provinciam
478 1547 603 1574 Siciliam
614 1548 725 1574 exerci-

141 1584 263 1614 tumque
281 1580 297 1607 ἐι
317 1581 361 1606 M.
374 1580 497 1606 AEmilio
515 1580 641 1616 accipere
662 1580 722 1611 pla—

140 1613 206 1638 cuit
218 1628 226 1641 ‚
236 1613 306 1639 &in
318 1611 545 1644 supplementum
553 1611 676 1638 icribere
687 1617 722 1637 ex

138 1642 202 1675 ipsa
215 1645 370 1676 provincia,
381 1644 402 1669 ii
417 1644 512 1671 vellet,
522 1643 651 1675 peditum
662 1644 722 1670 duo

140 1675 237 1702 millia
249 1692 256 1705 ‚
266 1676 294 1703 δε
305 1681 420 1703 centum
429 1676 552 1708 equites.
570 1675 724 1708 1¹.Junius

140 1707 253 1735 Brutus
274 1709 304 1734 in
316 1708 426 1735 Tuscos
435 1707 594 1735 exercitum
605 1713 721 1738 novum,

141 1739 288 1771 legionem
298 1746 384 1766 unam
394 1741 553 1766 Romanam
566 1756 573 1768 2
585 1738 616 1766 St
624 1739 719 1766 decem

138 1771 237 1800 ¹tuillia
245 1772 352 1798 socium
365 1772 465 1799 Latini
477 1771 606 1797 nominis
613 1770 716 1798 scribe-

139 1810 176 1830 re
187 1821 196 1833 ‚
214 1803 244 1831 ὃς
253 1803 480 1837 quadringentos
489 1803 612 1835 equites:
625 1803 718 1829 1..AE-

140 1836 244 1862 minus
254 1852 262 1865 ‚
282 1836 330 1862 cui
339 1835 486 1868 provincia
496 1835 639 1862 maritima
649 1841 722 1865 erat,

137 1868 245 1901 viginti
256 1874 340 1894 naves
351 1868 454 1900 longas
463 1884 471 1896 ‚
488 1866 519 1894 Bt
529 1866 623 1893 socios
632 1873 717 1893 nava-

136 1899 180 1926 les
201 1897 221 1925 ἐι
236 1900 280 1926 M.
302 1900 395 1933 Junio
436 1905 542 1925 raetore
559 1898 720 1934 superioris

137 1932 210 1958 anni
221 1932 390 1964 acciperem
416 1938 466 1961 us,
486 1930 516 1958 81:
527 1930 718 1964 scribereipie

139 1963 222 1990 mille
246 1964 359 1990 navales
369 1961 476 1992 socios,
497 1963 557 1989 dun
568 1962 660 1989 millia
670 1969 716 1993 pe-

132 1995 247 2022 ditum:
266 2002 329 2022 cum
339 1996 375 2021 lis
384 1996 503 2021 navibus
513 1993 711 2025 militibusque

133 2027 167 2053 in
180 2026 276 2054 Asiam
287 2026 472 2059 proficisci&
479 2025 590 2053 claffem
599 2025 614 2053 ὲ
625 2027 713 2053 QLi—

133 2058 185 2085 vio
204 2058 341 2090 accipere.
363 2060 442 2085 Duas
458 2057 612 2090 Hispanias
620 2058 717 2084 Sardi·

133 2091 270 2123 uiamque
304 2091 507 2118 obtinentibus
532 2096 618 2123 proro
639 2095 717 2116 atum

130 2122 165 2149 in
186 2129 296 2149 annum
317 2123 470 2154 Imperium
489 2121 528 2149 est
547 2137 557 2152 ‚
583 2122 611 2150 ὅ(
641 2122 714 2149 idem

135 2155 281 2181 exercitus
300 2154 420 2181 decreti.
441 2154 544 2181 sicilia
563 2154 716 2181 sardiniae-

133 2192 192 2218 que
211 2186 283 2212 binae
303 2192 338 2213 eo
347 2192 426 2213 anno
435 2187 560 2213 decumae
570 2186 715 2213 frumenti

133 2217 283 2252 imperatae
303 2227 310 2244 ι
330 2219 457 2245 Siculum
477 2223 564 2244 omne
582 2218 713 2244 frumen-

134 2253 198 2275 tum
218 2251 248 2276 in
268 2249 407 2277 AEtoliam
426 2251 462 2277 ad
475 2250 635 2277 exercitum
647 2257 713 2281 por-

129 2281 189 2307 tari
208 2280 311 2312 jumim
334 2289 341 2307 ε
361 2288 401 2318 ex·
418 2282 549 2308 Sardinia
567 2288 632 2315 pars
651 2284 713 2309 Ro-

131 2319 211 2371 tsrpaml
218 2329 226 2341 2
250 2319 314 2345 pars
323 2313 354 2341 in
365 2314 507 2341 [latonam
516 2330 525 2344 s
542 2314 642 2341 eodem
651 2320 712 2347 quo

152 2351 198 2371 icu
213 2351 270 2371 um.

166 2376 238 2411 cap.
255 2377 269 2406 1
280 2377 296 2405 1
306 2378 330 2407 ι.
347 2376 519 2411 Priusquam
539 2377 671 2410 consules
680 2379 714 2408 in

599 100 644 132 T.
690 99 897 133 L1VI1

778 142 939 175 provincias
948 142 1209 176 proficiscerentur.
1221 144 1355 178 prodigia

777 181 826 206 per
839 175 990 207 pontifices
1002 175 1149 208 procurari
1159 177 1278 210 placuit.
1290 179 1354 205 Ro-

776 213 826 233 mae
835 207 963 239 Junonis
972 209 1091 235 Lucinae
1101 209 1237 242 templum
1249 210 1285 236 de
1294 217 1353 237 coe·

773 238 802 265 lo
825 240 931 266 tactum
949 247 1028 267 erat:
1045 241 1087 267 ita
1096 245 1130 268 ut
1140 240 1283 274 fastigium
1295 243 1357 269 val-

775 277 870 309 vzyque
879 269 1124 299 deformarentur.
1148 273 1275 300 Puteolis
1287 275 1353 306 plu-

776 303 858 341 ribus
876 304 947 330 locis
957 311 1055 331 murus
1066 321 1073 334 ‚
1091 304 1121 332 Sc
1133 311 1216 336 porta
1226 305 1350 333 fulmine

775 335 870 365 ieta&
881 336 941 362 duo
952 336 1081 363 homines
1091 337 1258 363 exanimati.
1269 337 1351 364 Nur-

773 367 819 393 siae
838 366 939 394 sereno
953 385 959 394 .
981 367 1046 395 satis
1065 369 1211 396 constabat
1221 369 1349 396 nimbum

773 405 883 426 ortum.
903 399 942 425 ibi
963 406 1079 432 quoque
1097 401 1171 427 duos
1181 401 1288 427 liberos
1298 402 1351 428 lio-

776 432 865 467 mines
888 433 1076 459 exanimatos.
1114 433 1204 459 Terra
1223 434 1299 466 apud
1321 432 1352 459 se

775 463 873 494 pluisie
902 464 1061 491 Tusculani
1088 465 1263 492 nunciabant
1284 474 1290 490 :
1318 465 1349 492 ὃς

775 495 893 521 Reatini
913 496 1018 522 mulam
1037 497 1068 522 in
1085 502 1156 529 agro
1164 496 1216 523 sno
1227 495 1352 530 peperis-

772 526 811 553 se.
845 529 884 552 ΕΒ
906 534 1057 559 procurata
1078 536 1084 553 ε
1112 529 1281 560 Latinasque
1302 529 1349 555 in-

774 558 919 589 staurat->23
942 561 1022 590 quod
1039 561 1232 587 Laurentibus
1242 561 1348 590 carnis,

775 597 836 622 quae
854 591 917 617 dari
941 592 1024 618 debet
1042 608 1050 620 ‚
1076 593 1143 618 data
1163 598 1222 618 non
1243 591 1350 618 fuerat.

771 623 945 658 supplicatio
973 630 1089 655 ortoque
1114 631 1211 650 earum
1231 624 1350 655 religio-

772 661 840 680 num
857 655 944 681 cauiia
956 654 1024 681 fuit.
1042 656 1145 688 quibus
1157 656 1222 681 Diis
1233 656 1353 682 Decem-

771 687 823 712 viri
844 687 971 713 cxlibris
982 688 1084 716 neret,
1104 688 1270 714 ediderunt.
1293 688 1351 714 De-

770 725 828 744 cem
841 719 965 751 ingenui‚
980 720 1074 745 decem
1085 720 1222 751 virgines,
1231 719 1348 751 patrimi

773 756 872 775 omnes
891 752 1075 782 matrimique
1085 751 1121 777 ad
1132 752 1160 777 id
1175 750 1348 778 sacrificium

771 782 895 808 adhibiti
911 790 916 807 τ
935 782 963 809 Sc
986 782 1138 809 decemviri
1149 783 1231 809 nocie
1242 783 1348 809 lacien-

770 813 845 839 tibus
865 820 922 839 rem
932 814 1060 840 divinam
1069 814 1211 841 fecerunt.
1231 815 1264 839 P.
1276 816 1350 841 Cor-

772 846 866 881 nelius
881 846 978 881 §cipio
990 844 1164 875 Africanus,
1183 846 1345 878 priusquam

791 877 999 903 roncilceretur
1008 893 1016 906 ‚
1028 877 1171 904 fornicem
1183 879 1213 904 in
1226 879 1349 909 Capito·

783 910 812 934 io
821 910 954 935 adverlus
964 910 1048 939 viam,
1061 916 1116 941 qua
1127 911 1156 935 in
1170 910 1348 940 capitolium

769 940 936 967 ascenditur
947 948 1010 967 cum
1020 942 1104 973 lignis
1115 940 1219 975 septem
1230 942 1351 972 auratis,

773 973 887 999 duobus
904 979 919 998 e
942 974 1003 1001 uis,
1020 973 1049 1000 Sc
1068 979 1225 999 marmorea
1235 973 1294 999 dno
1306 974 1347 1000 la·

772 1005 820 1030 bra
839 1010 906 1031 anre
941 1005 1067 1031 ornicem
1088 1004 1193 1037 posuit.
1222 1004 1275 1031 I‘er
1287 1005 1347 1031 eos-

773 1037 836 1062 dem
856 1036 917 1062 dies
935 1037 1078 1069 principes
1097 1037 1265 1063 AEtolorum
1289 1043 1347 1064 tres

773 1068 801 1095 Sc
812 1069 1001 1100 quadraginta
1012 1084 1020 1097 ‚
1031 1071 1108 1095 inter
1118 1075 1188 1100 quos
1199 1070 1346 1096 Damocri-

773 1105 819 1126 tus
829 1100 857 1126 &
867 1100 955 1127 frater
964 1100 1024 1129 ejus
1033 1106 1124 1128 erant,
1135 1101 1169 1126 ab
1179 1100 1287 1126 duabus
1298 1107 1344 1127 co-

772 1132 905 1158 hortibus
919 1131 1028 1158 missiea
1039 1132 1140 1158 Manio
1153 1133 1249 1158 Acilio
1261 1149 1269 1161 ‚
1285 1133 1344 1159 Ro-

772 1170 842 1189 mam
861 1164 976 1199 ‹ledusti
987 1179 995 1192 ‚
1013 1164 1042 1191 St
1053 1168 1085 1189 in
1095 1164 1264 1190 Lautumias
1274 1170 1344 1190 con-

767 1195 836 1226 jesti
856 1197 933 1221 lunt.
953 1196 1086 1222 cohortes
1105 1197 1174 1222 inde
1193 1196 1227 1222 ad
1237 1196 1346 1231 exerci-

761 1228 833 1253 -¹rum
855 1228 949 1253 redire
970 1229 1006 1253 L.
1017 1228 1169 1254 Cornelius
1179 1227 1276 1254 conlui
1289 1227 1348 1257 ins-

768 1258 815 1284 tit.
842 1260 945 1291 Legui
963 1260 997 1284 ab
1016 1259 1211 1286 Ptolomaeo&
1223 1259 1346 1291 cleos-a-

769 1296 813 1316 tra
830 1308 836 1319 ,
866 1291 979 1324 regibus
998 1291 1118 1322 AEgypti
1137 1307 1145 1319 2
1167 1292 1344 1323 gratulantes

770 1324 847 1353 quod
867 1324 984 1349 Manius
1005 1323 1114 1349 Acilius
1125 1323 1224 1349 consul
1239 1324 1346 1349 Antio-

769 1355 853 1380 chum
867 1361 958 1387 regem
970 1355 1079 1380 Grzecia
1089 1354 1250 1386 expuliffet,
1261 1360 1344 1380 vene-

767 1392 856 1412 runt.-
874 1386 1132 1418 adhortantesque.
1151 1392 1184 1413 ut
1206 1388 1234 1413 in
1251 1387 1344 1412 Aliam

769 1418 925 1444 exercitum
947 1420 1130 1446 traducerent
1149 1435 1155 1446 ,
1174 1419 1272 1444 omnia
1283 1425 1344 1452 per-

766 1449 842 1477 culsa
863 1456 941 1476 metu
960 1457 1020 1475 non
1040 1451 1070 1476 in
1092 1449 1157 1476 Alia
1171 1451 1276 1478 modo,
1293 1451 1344 1477 scd

766 1483 851 1508 etiam
864 1484 893 1507 in
905 1483 986 1513 Syria
998 1482 1069 1513 esse;
1087 1487 1164 1514 reges
1173 1481 1295 1515 AEgypti
1307 1482 1343 1509 ad

765 1521 796 1540 ea
807 1521 868 1546 quae
881 1512 1027 1541 censuisset
1038 1513 1161 1542 senatus,
1175 1520 1287 1545 paratos
1297 1513 1344 1539 fo-

766 1553 806 1571 re.
826 1546 934 1571 Gratim
945 1546 1056 1573 reqibus
1065 1545 1149 1571 astae:
1169 1545 1270 1578 legatis
1281 1552 1344 1571 mu-

763 1584 833 1603 nera
841 1578 903 1603 dari
912 1578 1026 1609 juffinin
1037 1577 1163 1610 singulos
1172 1581 1344 1610 quaternum

767 1609 893 1635 millium
906 1612 978 1636 teris.

797 1642 869 1673 cap.
887 1642 900 1667 1
912 1643 950 1667 v.
969 1641 1349 1675 L.corneliusconsulper-

764 1674 834 1700 astis
855 1679 918 1706 quae
941 1675 1157 1707 Romaeagenda
1166 1679 1268 1703 erant,
1306 1679 1341 1700 ro

765 1706 904 1733 concione
914 1707 1018 1733 edixit.
1029 1710 1067 1742 ut
1072 1706 1188 1735 milites,
1201 1712 1276 1739 quos
1297 1704 1345 1738 pse

764 1738 796 1764 in
808 1736 1036 1769 supplementum
1047 1736 1197 1771 icripsrffet
1207 1754 1216 1766 ‚
1234 1738 1344 1771 quique

765 1771 796 1796 in
809 1770 932 1796 Bruttiis
942 1777 1005 1796 cum
1018 1771 1056 1796 A.
1067 1770 1208 1796 Cornelio
1218 1777 1345 1803 proprae-

763 1807 826 1829 tore
834 1802 922 1829 essent
933 1817 942 1831 ‚
952 1809 985 1829 ut
995 1802 1026 1828 hi
1036 1807 1135 1829 omnes
1142 1801 1242 1829 Idibus
1251 1802 1345 1837 Quin-

762 1834 864 1861 tilibus
904 1834 1102 1861 Brunduiium
1141 1834 1346 1862 convenirent.

762 1868 836 1893 Item
857 1866 927 1893 treis
946 1866 1057 1899 legatos
1075 1866 1257 1896 nominavit,
1273 1868 1341 1893 Sex.

763 1898 909 1932 Digitium
921 1914 929 1927 ‚
947 1899 983 1924 L.
1004 1898 1155 1932 Apustium
1165 1914 1174 1927 ‚
1193 1900 1228 1924 C.
1239 1898 1345 1924 Fabri-

759 1933 836 1958 cium
848 1930 1004 1958 Luscinum
1014 1946 1022 1960 ,
1034 1931 1130 1961 quiex
1139 1935 1189 1957 ora
1199 1930 1343 1957 maritima

762 1962 893 1994 undique
912 1968 996 1989 naves
1017 1962 1212 1989 Brunduiium
1223 1968 1342 1990 contra-

762 1995 867 2021 herent
879 2002 886 2020 .-
905 1994 935 2021 8(
946 1994 1080 2021 omnibus
1089 1994 1146 2026 jam
1156 1994 1263 2025 paratis
1272 2011 1280 2025 ‚
1293 2000 1343 2026 pa·

765 2027 880 2065 lud-atus
900 2026 935 2052 ab
956 2027 1028 2065 urbe
1046 2026 1086 2052 est
1106 2026 1264 2065 profectus.
1291 2026 1340 2054 Ad

765 2064 905 2128 assilit-³.
923 2058 1281 2128 &zllfflul‘thill‘rlaffl
1290 2063 1342 2115 ιξίἱ

801 2123 868 2150 ndia
884 2120 936 2149 sub
955 2127 1127 2153 imperatore
1147 2122 1178 2147 P.
1201 2120 1341 2149 Afvlcano

780 2154 901 2181 abebant
911 2170 919 2182 ‚
942 2154 1042 2185 prcesto
1052 2154 1136 2181 fuere
1144 2153 1260 2182 exeunti
1269 2158 1341 2179 con-

761 2186 838 2215 suli,
857 2185 887 2214 &
904 2186 1022 2212 nomina
1040 2187 1194 2213 dederunt.
1213 2185 1265 2212 Per
1285 2189 1334 2212 eos

760 2219 822 2245 dies
834 2234 841 2247 ‚
860 2217 967 2251 quibus
984 2219 1023 2244 est
1034 2218 1177 2251 profectus
1185 2217 1220 2244 ad
1230 2216 1337 2244 bellum

761 2249 881 2279 consul,
900 2251 977 2276 ludis
998 2250 1217 2282 Apollinaribus
1233 2264 1242 2278 2
1267 2253 1341 2275 ante

761 2282 838 2309 diem
856 2282 992 2315 quintum
1012 2283 1080 2309 Idus
1102 2280 1249 2315 Quintiles
1259 2280 1338 2307 coelo

759 2312 860 2340 sereno
885 2314 1016 2340 interdiu
1033 2312 1183 2340 obscurata
1200 2314 1251 2339 lux
1273 2312 1313 2339 est
1324 2327 1337 2342 .

759 2352 848 2376 quum
868 2346 937 2372 luna
957 2344 1008 2371 sub
1030 2346 1126 2371 orbem
1136 2343 1338 2373 solissubiffet.

761 2378 801 2408 Et
810 2378 848 2408 Lv
856 2377 996 2408 AEmilius
1006 2378 1138 2413 Regulus
1147 2394 1156 2412 ‚
1173 2378 1219 2408 cui
1228 2376 1339 2443 ”aff-¹0¹3
