1414 2655
507 120 540 154 L
568 128 732 156 mnu-x
775 122 824 158 X.

51 170 87 200 ιδ
105 168 169 207 ipso
187 166 394 203 collega-Fabio
403 164 564 206 permistim}
573 165 624 192 est.

53 204 85 232 se
125 209 193 230 uum
211 203 244 228 1¹.
256 201 359 228 Decius
375 198 404 226 se
424 206 456 226 m
469 199 626 226 Sammum,

55 235 100 262 vel
119 242 151 262 in
172 234 317 262 Etruriam
339 229 480 264 proficisci
490 235 629 268 ’paratum

55 266 110 295 effe
127 265 286 294 ostendisset
299 268 406 295 etanta
415 263 515 289 laetitia
524 268 556 300 ac
566 267 630 294 gra—

55 299 162 326 tulatio
172 298 231 325 fuit
242 313 250 326 ‚
259 302 293 323 ut
304 296 500 328 praeciperetur
509 293 630 320 vistoria

56 330 160 358 animis
179 345 188 358 ‚
204 327 422 359 triumphusque
439 332 500 352 non
520 325 627 351 bellum

56 362 202 390 decretum
220 359 385 386 consulibus
401 358 555 384 videretur.
582 357 630 382 Iu—

56 394 143 420 venio
152 400 168 419 a
187 393 227 418 ud
238 391 374 427 quosdam
383 406 392 419 ,
410 389 555 427 extemplo
565 394 634 426 con-

55 425 152 453 sulatu
182 425 265 452 nito,
282 423 427 456 profestos
445 428 475 447 m
489 422 634 457 Etruriam

58 457 178 484 Fabium
187 453 434 487 Deciumque,fine
441 452 502 479 ulla
511 456 634 489 mentio-

59 495 98 515 ne
115 489 199 516 sortis
215 487 425 521 provinciarum
435 490 635 520 certaminum-

83 527 120 548 ue
143 521 221 547 inter
242 519 361 550 collegas
382 533 392 546 ‚
416 523 479 555 quae
496 514 630 553 exposui.

62 527 148 581 gunt,
157 552 258 584 quibus
268 557 304 577 ne
313 551 372 576 haec
381 549 495 581 quidem
505 552 634 584 certami-

63 590 103 612 na
120 589 262 616 exponere
272 582 338 609 satis
349 581 449 608 fuerit.
467 580 636 617 adjecerunt

61 615 93 643 Sc
112 615 199 648 Appii
217 615 427 641 criminationes
442 612 479 638 de
488 611 578 649 Fabio
588 610 638 636 ab·

59 646 142 674 sente
152 647 186 674 ad
196 653 232 680 po
252 646 331 672 ulum
340 662 349 676 ‚
360 645 389 672 ὃς
400 645 581 680 pertinaciam
588 642 638 679 ad-

60 677 155 706 versus
173 684 207 710 pr
242 683 336 704 entem
345 676 489 712 coniulem
500 679 638 706 praetoris,

61 710 335 742 contentionemque
353 708 438 734 aliam
456 712 534 732 inter
551 705 639 743 colle-

61 747 130 775 3283
147 743 282 768 tendente
299 741 389 767 Decio
409 756 417 769 ‚
435 743 470 765 ut
488 737 545 765 suae
563 743 640 768 quie-

84 780 120 800 ue
130 773 280 806 provinciae
288 773 393 799 sortem
403 776 545 798 tueretur.
557 771 639 795 con-

61 780 135 832 aare
155 811 198 832 res
216 805 319 837 incipit
328 810 406 831 exeo
416 807 542 834 tempore
554 817 562 829 ‚
579 806 639 831 quo

101 837 186 864 ofeeti
210 837 292 863 ambo
317 835 447 863 consules
471 835 507 861 ad
532 832 638 868 bellum

80 874 143 896 unt.
161 870 300 895 caeterum
311 884 319 897 ,
336 873 490 898 antequam
508 865 640 891 coniuies

66 900 99 927 in
119 900 263 927 Etruriam
280 899 461 932 pervenirent
479 913 488 926 ‚
515 898 640 932 Senones

61 931 141 958 Galli
150 932 333 959 multitudine
343 930 456 964 ingenti
464 929 501 955 ad
512 928 641 954 Clauum

63 969 202 990 venerunt
222 970 232 996 3
257 964 400 996 legionem
422 963 584 998 Romanam·
598 965 641 985 ca-

63 995 173 1028 straque
183 995 386 1028 oppugnaturi.
405 993 499 1030 scipio
510 1008 518 1021 ,
536 998 586 1024 qux
596 997 643 1017 ca-

64 1026 128 1054 stris
144 1031 260 1060 praeerat
270 1043 279 1056 ‚
298 1027 363 1053 loco
372 1024 561 1056 adjuvandam
572 1029 643 1061 pau-

62 1059 178 1086 citatem
195 1057 312 1086 suorum
331 1058 456 1083 militum
476 1061 554 1082 ratus
575 1062 583 1087 ς
607 1061 639 1080 m

64 1090 141 1118 colle
155 1091 206 1122 qui
225 1091 301 1117 inter
320 1088 458 1126 urbem&
469 1087 555 1114 castra
567 1091 638 1123 erat,

63 1123 152 1149 aciem
172 1123 275 1148 erexit.
303 1122 355 1148 sed
367 1136 376 1149 ‚
391 1125 425 1146 ut
439 1126 468 1146 m
480 1125 510 1144 re
523 1117 618 1155 subita
629 1133 637 1147 ‚

64 1158 165 1186 parum
190 1154 341 1186 explorato
360 1153 465 1179 itinere
484 1151 520 1177 ad
538 1156 641 1182 Jugum

41 1181 48 1194 ’·
61 1185 190 1219 perrexit
199 1201 206 1213 ,
244 1186 303 1212 uod
314 1184 405 1210 hostes
414 1187 545 1216 ceperant
556 1198 565 1211 ‚
577 1188 640 1220 par-

61 1222 90 1243 t:
101 1217 156 1244 alia
165 1223 214 1249 egr
253 1217 272 1242 ἰ.
285 1218 326 1243 ita
334 1215 402 1242 caesa
409 1215 442 1241 ab
452 1220 496 1240 ter
515 1220 533 1251 o
543 1214 632 1250 legio—2

62 1252 148 1281 atque
166 1249 197 1277 in
215 1250 306 1275 medio
319 1265 326 1276 .
344 1254 435 1280 quum
454 1247 493 1272 ho
518 1252 541 1271 is
555 1245 643 1271 undr-

64 1287 122 1313 que
139 1285 253 1314 urgeret
264 1296 272 1310 ‚
289 1281 491 1306 circumventa.
510 1277 641 1315 Deletam

66 1317 183 1371 quoq-uc
191 1313 232 1339 ibi
244 1312 385 1344 legionem
401 1328 410 1342 ,
424 1311 465 1337 ita
474 1314 508 1336 ut
518 1314 643 1335 nuncius

52 1355 55 1357 ·
65 1349 126 1370 non
149 1344 413 1376 upereffenquidam
423 1341 552 1378 auctores
561 1339 640 1366 sunt:

68 1382 120 1402 nec
136 1381 203 1402 ante
221 1377 256 1402 ad
267 1374 398 1402 consules
409 1391 417 1403 ,
434 1379 485 1405 qul
493 1379 551 1405 Jam
562 1371 640 1398 haud

28 1413 39 1424 s
67 1407 191 1438 procula
200 1407 299 1434 Clusio
316 1407 434 1433 aberant
443 1421 451 1433 ‚
468 1404 572 1431 famam
582 1402 644 1433 ejus

66 1439 156 1465 cladis
175 1439 308 1471 perlatam
320 1454 329 1467 ,
346 1444 430 1470 quarn
449 1437 481 1463 in
490 1435 643 1473 conspestu

66 1469 148 1497 fuere
167 1471 317 1502 Gallorum
336 1469 448 1503 equites
459 1483 467 1496 ‚
485 1467 645 1504 pectoribus

68 1508 208 1534 equorum
225 1501 357 1535 suspensa
374 1501 511 1535 gestantes
531 1503 642 1537 capita,

71 1533 101 1561 δι
120 1534 222 1561 lanceis
239 1535 348 1563 infixa,
365 1531 537 1563 ovantesque
556 1535 644 1568 m9r1s

67 1563 113 1592 sui
124 1566 257 1593 carmine.
273 1568 346 1592 sunt
355 1564 406 1598 qui
416 1563 541 1589 Umbros
550 1561 640 1590 fmffe.

71 1603 133 1624 non
141 1597 240 1625 Gallos
250 1598 364 1625 tradant
376 1605 383 1622 ε
403 1601 455 1622 nec
465 1599 578 1631 rancum
588 1595 644 1620 cla-

68 1628 115 1655 dis
132 1635 286 1661 acceptum.
303 1629 333 1656 &
349 1629 548 1655 circumventis
558 1626 646 1658 pabu-

69 1659 210 1688 latoribus
229 1668 293 1688 cum
310 1661 347 1687 L.
358 1659 472 1686 Manlio
491 1659 644 1689 Torquato

69 1691 166 1726 iegato
188 1693 343 1726 Scipionem
362 1698 415 1723 pro
435 1694 564 1729 raetorem
582 1688 646 1717 sub-

72 1723 175 1750 sidium
194 1731 209 1750 e
227 1724 322 1752 castris
340 1723 395 1751 tuli
418 1730 451 1751 e,
465 1721 645 1760 wei-presque

74 1756 199 1782 Umbros
217 1772 226 1786 ‚
248 1756 343 1782 redint
379 1760 439 1781 rato
458 1754 555 1787 praello
577 1769 585 1781 ‚
602 1761 646 1780 vr-

72 1787 133 1814 etos
152 1787 221 1814 effe:
238 1788 349 1820 captivo
363 1793 418 1820 que
434 1786 475 1815 eis
482 1792 514 1812 ac
522 1786 644 1818 praedam

72 1819 153 1845 adem
187 1825 241 1845 am.
259 1819 383 1846 similius
393 1825 460 1844 vero
470 1818 509 1844 est
518 1834 526 1845 .
547 1815 563 1842 ὲ
574 1818 644 1843 Gal-

70 1851 104 1877 lo
115 1851 153 1876 bo
165 1851 192 1877 ie
201 1857 286 1884 quam
296 1851 405 1876 Umbro
413 1856 473 1877 eam
484 1849 594 1887 cladem
600 1855 648 1874 ac·

69 1887 180 1914 ceptam
199 1898 207 1911 ‚
225 1883 303 1914 quod
328 1898 336 1911 ,
364 1889 452 1914 quum
468 1881 539 1912 saepe
557 1880 645 1910 allas,

72 1918 136 1941 tum
154 1920 189 1940 eo
197 1920 274 1940 anno
285 1931 293 1944 ‚
311 1914 416 1941 Gallici
426 1913 567 1951 tumultus
576 1919 645 1944 prae-

72 1945 175 1978 cipuus
191 1950 288 1972 1error
306 1947 451 1973 civitatem
463 1950 568 1972 tenuit.
587 1945 645 1979 Ira-

69 1983 128 2010 que
147 1982 333 2010 praeterquam
351 1978 430 2010 quod
447 1978 530 2004 ambo
540 1977 645 2003 conlu-

71 2007 113 2036 les
139 2008 261 2043 profesti
285 2010 322 2035 ad
346 2009 452 2037 bellum
475 2013 556 2035 erant
582 2015 647 2035 cum

71 2046 197 2074 quatuor
213 2041 373 2075 legionibus
385 2058 393 2071 ‚
409 2041 440 2069 ὃς
455 2047 558 2074 magno
567 2041 647 2072 equi-

54 2074 57 2077 '
74 2076 139 2100 tatu
155 2075 290 2100 Romano
310 2089 319 2101 ³

61 2105 221 2137 ‘equitibus
237 2104 352 2132 deleffls
371 2105 406 2131 ad
427 2106 456 2131 id
468 2104 573 2131 bellum
582 2105 649 2132 mis-

72 2135 110 2162 fis
121 2153 129 2165 ‚
144 2137 173 2164 8<
190 2137 331 2165 sociorum
353 2137 532 2170 nominisque
550 2137 650 2164 LatIni

77 2168 183 2198 malote
206 2169 334 2196 exercitu
352 2185 360 2198 ‚
390 2175 475 2200 quam
502 2169 647 2200 Romani;

73 2199 124 2226 alii
148 2200 207 2227 duo
232 2200 374 2226 exercitus
389 2201 466 2228 haud
482 2201 583 2231 procul
598 2208 649 2227 ur-

76 2229 111 2256 be
123 2231 245 2259 Etruriae
254 2232 387 2271 oppositu
398 2238 473 2259 unus
481 2233 510 2259 in
523 2232 645 2260 Falisco,

74 2261 148 2289 alter
177 2263 207 2289 in
228 2264 370 2290 Vaticano
392 2270 470 2297 agro.
504 2265 560 2290 cn.
578 2264 649 2290 Ful-

75 2294 146 2323 vius,
158 2295 187 2322 St
203 2296 238 2321 L.
255 2295 414 2322 Postumlus
423 2296 573 2329 Megellus,
585 2303 649 2329 pro-

95 2331 215 2385 raetqrffg
232 2328 313 2354 ambo
324 2328 423 2354 stativa
432 2328 462 2354 in
472 2329 511 2354 eis
520 2328 591 2355 locis
600 2329 648 2354 ha-

97 2364 184 2389 ereJu
206 2367 227 2385 i.

111 2389 180 2423 cap.
205 2391 361 2421 XXVII.
387 2390 526 2422 confines
543 2391 579 2421 ad
597 2391 651 2420 ho-

345 2073 552 2105 Campanisque
567 2073 657 2099 mille*

673 167 727 193 stes
745 166 915 205 transgrelib
934 167 1093 203 Apennino
1111 169 1143 198 ln
1153 138 1255 205 agr-113³

676 200 850 227 Sentinatem
860 207 1061 234 pervenerunt.
1077 203 1120 229 lbi
1131 210 1259 236 quatuor

676 231 801 258 millium
822 231 910 259 ferme
921 233 1076 260 intervallo
1085 232 1173 262 castra
1183 238 1257 269 posi-

678 267 718 290 ta.
736 264 819 290 Inter
840 265 934 292 hostes
952 266 1058 292 deinde
1067 266 1259 295 consultatio-

679 300 730 333 nes
750 296 864 323 babitae.
882 301 969 332 atque
988 298 1030 324 ita
1048 299 1204 329 convenit,
1222 307 1259 327 ne

679 333 746 364 unrs
765 328 860 356 castris
872 329 1060 356 milcerentur
1071 336 1171 357 omnes
1181 348 1188 359 ,
1208 339 1262 358 ne·

679 365 713 384 ve
732 365 764 384 in
784 360 869 385 aciem
887 360 1093 388 descenderent
1101 362 1198 389 simul.
1214 365 1262 390 Sa·

681 390 824 417 mnitibus
831 391 909 418 Galli
921 408 930 422 ‚
947 392 1072 420 Etruscis
1090 394 1194 421 Umbri
1212 396 1263 422 ad<

681 421 759 452 ieffl.
785 423 846 449 dies
863 423 970 450 indista
987 430 1108 458 pugnae:
1127 427 1263 454 samniti-

681 454 733 490 bus
750 453 903 486 Gallisque
915 455 1044 489 delegata
1053 462 1166 490 pugna:
1185 458 1265 486 inter

680 485 773 521 ipsum
799 490 941 514 certamen
969 489 1085 515 Etrusci
1102 490 1262 522 Umbrique

681 517 844 553 jusu-castra
855 520 986 546 Romana
994 527 1170 554 oppugnare.
1194 523 1264 550 Haec

681 549 800 576 conlilia
819 550 974 578 turbarunt
981 553 1136 585 transfugae
1146 553 1273 583 ciusmi

681 584 761 613 tres;
777 582 849 608 clam
870 583 954 609 noste
973 584 1009 610 ad
1027 585 1149 612 Fabium
1159 586 1265 613 consu-

681 612 737 638 lem
764 614 936 646 transgrefli.
963 615 1014 646 qui
1033 616 1119 644 editis
1136 618 1262 645 hostium

681 644 808 672 consiliis
825 645 930 672 dimiffi
947 653 1012 672 cum
1032 648 1138 680 donis3
1156 654 1191 676 ut
1200 649 1264 676 sub=

682 677 752 703 inde
763 693 771 705 ‚
788 682 823 703 ut
833 684 951 710 quaeque
961 684 1004 704 res
1014 685 1089 706 nova
1098 681 1210 707 decreta
1221 682 1264 709 ef=

682 707 743 736 set,
761 708 938 741 exploratam
977 709 1130 738 erferrent.
1149 713 1267 740 Consu-

683 739 724 765 les
733 740 838 767 Fulvio
850 746 909 777 ”ut
918 747 954 767 ex
987 742 1091 773 ausen,
1103 744 1265 775 Postumio,

684 777 718 798 ut
744 778 780 797 ex
801 773 944 799 Vaticano
962 775 1119 801 exercitum
1137 776 1174 802 ad
1194 778 1265 804 Clu-

684 803 756 829 rium
773 803 963 833 admoveant,
980 804 1144 844 summaque
1153 807 1180 833 vi
1191 808 1267 835 fines

684 834 808 870 bostium
818 836 1039 869 depopulentur,
1051 837 1190 865 scribunt.
1201 841 1266 866 Hu-

683 872 731 897 Jus
759 867 953 901 populationis
978 868 1055 895 fama
1074 870 1211 898 Etruscos
1229 877 1266 898 ex

683 899 1267 961 {iffmffiiffnffiiai‘ssifiisssfflffieiuessi

684 961 848 989 absentibus
867 963 911 998 jis
935 969 1109 996 pugnaretur
1132 974 1139 992 :
1158 951 1268 999 per’bi-

685 994 776 1019 duum
786 993 925 1020 lacefliere
934 996 1033 1027 praelio
1043 996 1160 1023 hostem.
1178 997 1269 1024 biduo

688 1025 762 1051 nihil
788 1026 910 1059 dignum
935 1027 1013 1054 dictu
1041 1028 1145 1055 actum.
1179 1029 1268 1056 Pauci

686 1057 835 1093 utrimque
853 1058 998 1094 cecidere:
1017 1060 1161 1092 magisque
1169 1060 1268 1088 irrita-

688 1089 710 1114 ti
730 1091 798 1115 iunt
816 1090 853 1116 ad
872 1089 980 1120 justum
998 1096 1141 1118 certamen
1159 1093 1247 1119 anImi
1260 1109 1269 1123 ,

688 1127 772 1152 quam
796 1122 833 1148 ad
857 1121 1009 1148 discrimen
1034 1121 1143 1150 summa
1170 1131 1268 1151 rerum

686 1152 818 1178 adducta.
851 1152 939 1179 tertio
973 1154 1022 1181 die
1046 1154 1211 1188 defensum
1237 1157 1270 1183 in

686 1189 817 1216 campum
832 1185 967 1212 omnibus
982 1184 1072 1217 copiis
1086 1193 1102 1212 e
1129 1205 1136 1212 .
1169 1189 1268 1221 Quum

687 1215 831 1242 instrustae
856 1218 930 1243 acies
956 1216 1062 1244 starent
1079 1234 1089 1247 ‚
1114 1225 1196 1245 cerva
1221 1219 1271 1245 fu«-

687 1247 768 1278 giens
792 1248 893 1285 lupum
910 1246 925 1274 ἐ
940 1249 1088 1276 montibus
1103 1250 1199 1277 exacta
1217 1258 1270 1283 per

687 1284 800 1311 campos
829 1284 905 1305 mter
929 1280 999 1307 duas
1021 1281 1095 1308 acies
1109 1282 1239 1309 decurrit
1256 1292 1265 1309 ;

688 1309 756 1336 inde
771 1310 887 1336 diversae
903 1311 970 1338 ferae
983 1327 991 1341 ‚
1008 1318 1089 1338 cerva
1104 1314 1139 1341 ad
1156 1314 1269 1345 Gallos„

687 1342 773 1374 lupus
788 1342 823 1368 ad
842 1343 991 1370 Romanos
1004 1344 1117 1371 cursum
1134 1345 1269 1373 deflexit,

688 1374 774 1405 Lupo
798 1374 865 1400 data
881 1375 960 1401 inter
974 1375 1090 1402 ordines
1107 1376 1153 1402 via
1168 1393 1177 1406 ‚
1207 1385 1272 1404 cero

688 1411 752 1440 vam
776 1406 855 1432 Galli
882 1406 1039 1433 confixere.
1072 1409 1149 1434 Tum
1166 1415 1202 1435 ex
1217 1416 1268 1435 an-

688 1438 843 1469 tesignanis
877 1439 1027 1465 Romanus
1060 1440 1142 1466 miles
1161 1456 1169 1470 ,
1194 1441 1269 1467 luae

681 1466 761 1501 fuga
775 1484 783 1497 ‚
799 1469 917 1506 inquit,
936 1465 974 1502 ὠ·
991 1471 1075 1496 caedes
1090 1472 1181 1498 vertit
1192 1490 1200 1501 ‚
1218 1473 1272 1498 ubi

681 1497 797 1532 sacram
824 1500 928 1527 Dzanae
966 1508 1041 1527 eram
1066 1503 1203 1534 iacentem
1220 1506 1271 1530 -vi-

690 1532 773 1556 dem.
800 1531 878 1558 Hinc
899 1533 950 1558 vit
965 1540 996 1559 or
1012 1534 1148 1561 stlartim·
1166 1535 1197 1560 Iu
1217 1543 1271 1566 m,

689 1563 796 1596 integer
811 1559 849 1596 (ἔγ
858 1564 986 1590 ίηηιὲἶιω
996 1581 1005 1594 ,
1018 1567 1115 1598 gentis
1124 1572 1176 1592 nos
1224 1573 1273 1593 aro

690 1594 738 1620 11·ae
764 1590 802 1626 ὠ·
829 1595 982 1622 conditoris
1004 1597 1092 1630 nestri
1107 1599 1269 1625 admonuit,

692 1627 806 1663 Dei-<tro
831 1634 923 1654 cornu
947 1629 1052 1658 Galli,
1077 1629 1193 1656 sinistro
1222 1632 1272 1656 Sa-

692 1663 799 1684 mmtes
823 1660 1028 1686 constiterunt.
1061 1660 1195 1688 adversus
1224 1664 1272 1688 Sa-

692 1690 798 1717 mnites
822 1691 930 1717 Fabius
959 1691 1079 1723 primam
1103 1698 1135 1719 ac
1151 1694 1269 1720 tertiam

690 1721 819 1753 legiones
835 1729 889 1755 pro
906 1723 1012 1750 dextro
1026 1730 1119 1751 cornu
1135 1741 1144 1753 ‚
1170 1726 1272 1752 adver-

690 1752 738 1779 sus
755 1754 856 1791 Gallos
873 1761 926 1786 pro
937 1755 1052 1781 linistro
1069 1756 1172 1782 Decius
1182 1758 1271 1788 quin-

691 1790 750 1812 tam
766 1786 795 1812 &
813 1788 919 1812 textam
937 1786 1086 1813 instruxit.
1104 1787 1226 1815 secunda
1240 1789 1272 1815 St

691 1822 793 1848 quarta
808 1824 873 1844 cum
889 1819 926 1843 L.
936 1819 1099 1845 Volumnio
1115 1819 1274 1851 proconsua

690 1849 719 1874 le
744 1849 775 1875 in
794 1849 907 1875 samnio
922 1850 1055 1882 gerebant
1069 1850 1184 1877 bellum.
1211 1852 1285 1877 Pri·

692 1887 741 1906 mo
766 1881 909 1908 concursu
925 1897 934 1910 ‚
959 1882 1032 1908 adeo
1058 1884 1147 1914 aequis
1164 1883 1273 1910 viribus

710 1912 766 1938 esta
782 1919 825 1938 res
842 1913 881 1939 est
892 1929 901 1942 ,
917 1916 951 1938 ut
961 1928 969 1942 ‚
986 1913 1009 1938 fi
1026 1912 1170 1941 affuissent
1181 1915 1272 1941 Etru-

707 1945 732 1970 ci
743 1943 772 1971 St
784 1944 905 1972 Umbri,
921 1949 973 1971 aut
985 1945 1016 1971 in
1026 1945 1086 1971 acie
1098 1962 1106 1974 ‚
1122 1951 1172 1972 aut
1182 1946 1214 1972 in
1228 1953 1273 1972 a·

691 1976 756 2002 stris
767 1991 775 2004 ‚
792 1982 973 2008 quocumque
982 1976 1011 2002 se
1022 1977 1212 2007 inclinassent,
1226 1984 1272 2005 ac-

692 2007 824 2040 cipienda
831 2008 922 2034 clades
932 2007 1038 2036 fuerit.

727 2041 799 2070 Cap.
831 2041 858 2064 Χ
878 2040 904 2064 Χ
924 2041 950 2065 V
970 2041 983 2066 1
1005 2042 1019 2067 1
1040 2041 1065 2067 12
1107 2041 1272 2069 Caeterum.

694 2076 864 2103 quamquam
889 2072 1050 2099 communis
1073 2073 1166 2099 adhuc
1192 2074 1275 2100 Mara

694 2103 762 2129 belli
784 2107 845 2128 erat
861 2120 871 2133 ‚
897 2104 1019 2130 necdum
1043 2103 1195 2130 ducx-lmen
1213 2104 1275 2141 for:

696 2139 767 2160 tuna
790 2133 899 2160 fecerat
916 2150 924 2162 ,
950 2141 1006 2166 qna
1025 2135 1127 2162 datura
1142 2136 1215 2162 vires
1230 2141 1276 2163 el·

694 2165 736 2192 set
758 2172 766 2195 ς
791 2167 1010 2199 haudquaquam
1036 2167 1135 2194 limilis
1217 2173 1275 2197 na»

696 2199 728 2224 in
745 2198 849 2224 dextro
864 2198 934 2223 laevo
955 2204 991 2223 ue
1007 2204 1099 2224 cornu
1117 2205 1187 2226 erat.
1240 2206 1274 2224 o-

697 2230 774 2255 mani
799 2229 874 2263 apud
900 2230 941 2255 Fa
961 2230 1020 2255 ium
1035 2230 1169 2257 arcebant
1187 2229 1278 2264 magii

697 2267 781 2293 quam
805 2260 967 2287 inferebant
994 2268 1114 2294 pugnam
1143 2269 1150 2288 :
1180 2267 1276 2289 extra-

697 2293 874 2325 hebaturque
891 2293 921 2318 in
938 2298 1022 2324 quam
1040 2294 1162 2320 maxime
1179 2297 1273 2331 icrunt

699 2325 757 2351 diei
783 2328 935 2350 certamen.
959 2324 1028 2356 quia
1053 2325 1093 2350 ita
1108 2323 1270 2358 persuasum

698 2361 760 2383 erat
785 2356 876 2384 duci,
903 2355 932 2382 8<
960 2357 1097 2383 Samnites
1120 2357 1150 2385 8<
1172 2357 1275 2384 Gallos

699 2389 793 2423 primo
818 2388 928 2422 impetu
953 2387 1062 2418 feroces
1087 2388 1140 2418 effe
1168 2404 1178 2419 ‚
1195 2393 1279 2450 [91ιῖἓέ
