1414 2655
448 121 486 157 122
506 133 563 158 tn
587 127 613 156 Ε
633 124 661 156 R
704 112 863 158 XX'TQ.

14 173 21 176 “
47 166 127 194 haud
139 166 239 199 procul
248 166 342 196 castris
349 170 496 200 ceperunt.
513 169 627 202 postero

49 199 100 225 die
119 205 168 238 per
188 200 353 227 Tribunum
364 200 492 228 militum
501 202 570 228 inde
579 201 628 227 de-

4 235 5 239 *
50 230 151 259 dusti,
169 232 310 259 concione
328 232 455 259 militum
464 231 626 259 advocataa

0 282 4 293 ,.
47 263 199 292 Graccho,
219 262 433 298 superveniunt.
461 265 520 291 Ubi
538 270 628 296 quum
673 262 808 294 objicere.
821 264 853 290 ld
864 263 1127 291 erroreviarum‚an
1138 263 1252 293 exigui-

643 177 656 248 l

673 168 906 201 cumveetumque
923 165 1036 195 occulte
1045 130 1250 198 fiibl‘eqiii3ie'i'i3-

673 199 724 225 iim
753 207 852 233 agmen
878 200 1000 227 hostium
1016 199 1111 234 jubet.
1136 199 1165 225 Sc
1185 206 1251 226 cum

674 237 806 258 coortum
817 232 951 264 proelium
960 231 1118 259 videret‚ab
1129 235 1212 262 tergo
1221 231 1251 257 se

49 294 204 327 proconsul
233 300 340 322 veteres
357 296 462 323 milites
483 297 607 329 primum
618 311 627 324 ‚
673 298 734 320 tate
745 296 880 327 temporis
890 312 898 324 ‚
912 296 992 321 Nero
1001 293 1116 326 exsequi
1126 300 1186 320 non
1197 301 1251 326 po—

49 332 139 358 prout
158 327 296 359 cuiusque
305 328 395 355 virtus
405 334 491 360 atque
501 333 586 361 opera
598 327 631 353 in

52 364 86 384 ea
107 365 145 391 pu
167 365 202 385 na
221 359 335 388 fuerat,
351 360 524 386 militaribus
544 358 630 385 donis

48 388 128 416 dona
151 396 198 422 er;
217 395 286 418 tunc
297 392 375 423 quod
385 392 420 418 ad
432 392 550 418 volones
560 391 631 422 asti-

51 426 145 450 netct,
155 428 258 452 omnes,
267 423 318 451 ait,
328 423 410 449 malle
419 423 553 449 laudatos
564 421 629 455 ase,

51 452 152 484 dignos
178 454 319 488 indignos
330 461 364 479 ue
380 471 389 484 ‚
417 460 505 488 qnam
533 460 630 487 qnem-

72 489 140 509 uam
162 492 191 511 co
211 486 256 511 die
278 492 310 511 ca
335 486 443 519 ijgatum
461 483 520 518 effe.
544 486 630 518 Qod

73 522 157 542 onum
167 533 175 542 ,
186 515 318 550 faustum
329 534 337 548 ,
349 517 485 552 felixque
493 518 533 544 rei
552 517 629 543 ubli-

51 552 90 573 cae
110 547 229 585 ipstsqtte
246 546 310 582 effi’t
329 566 337 579 ,
355 557 448 576 omnes
463 556 507 575 eos
539 549 628 575 iberos

52 576 105 612 est?
122 582 227 613 jubere.
255 582 303 619 Af(
323 588 408 614 quam
426 589 522 609 vocem
540 588 630 614 quum

52 612 164 638 clamor
172 613 283 644 ingenti
295 613 441 640 alacritate
452 613 582 642 sublatus
590 613 632 639 es-

50 641 95 669 set
106 649 114 675 ;
124 650 155 670 ac
165 651 244 671 nunc
253 645 396 678 complexi
408 647 486 673 inter
497 645 525 671 se
534 651 630 678 gratu·

50 674 211 709 lantesque,
224 683 302 703 nunc
310 684 409 704 manus
418 679 452 704 ad
462 678 565 704 coelum
576 678 634 704 tol-

48 706 146 737 lentes
156 724 165 736 ‚
185 709 258 734 bona
268 709 367 735 omnia
375 710 482 741 populo
496 711 631 736 Romano

58 740 247 773 Gracchoque
267 741 320 771 ipsi
341 746 523 773 precarentur
541 748 549 772 τ,
567 746 631 767 tum

51 772 217 798 Gracchus:
236 771 327 798 Prim·
349 778 434 805 quam
453 778 546 798 omnes
567 773 631 803 iure

52 802 199 830 libertatis·
207 801 363 837 aequaffim,
374 805 482 836 inquit,
493 805 632 830 neminem

56 838 129 861 :nom
139 834 255 867 strenui
275 839 329 861 aut
346 836 452 868 ignavi
467 836 573 862 militis
583 843 632 862 710-

54 862 128 900 mſje
146 867 241 892 volui.
261 867 351 892 Nunc
370 867 502 900 exfhluta
511 869 570 900 jam
572 869 632 899 fide

53 898 172 931 publica
183 915 191 927 ,
211 905 246 925 ne
262 899 412 931 discrimen
422 906 499 925 omne
507 899 633 926 vi2-mtis

55 929 239 962 igmviaeque
257 935 349 963 pereat
360 947 368 960 ,
389 933 508 958 nomina
527 938 630 958 eorum,

78 962 109 987 ui
128 961 284 988 detreHatae
301 968 401 996 pugnae
411 969 541 990 memores
545 961 630 996 fi’ceff-

48 966 155 1027 Jionem
165 994 251 1025 panto
260 994 474 1027 anta-fecerunt,
485 993 583 1053 relferri
594 995 632 1021 aa

55 1030 100 1051 me
111 1025 211 1056 iubebo
224 1034 234 1052 .·
249 1024 404 1060 citatosque
413 1027 500 1060 fingit
517 1033 545 1052 os
555 1027 632 1059 y'ttre-

53 1056 182 1090 jurando
200 1057 315 1090 adigam
327 1075 335 1088 ‚
354 1057 408 1090 724·st
426 1059 506 1091 queis
517 1060 631 1084 morbiu-

54 1085 154 1121 eaufflz
163 1089 218 1114 crit
230 1106 238 1118 ,
259 1096 316 1115 nen
324 1090 420 1119 aliter,
430 1096 517 1124 quam
526 1090 634 1122 slantes

52 1119 350 1155 ciburr⁷5p0tione7nqtte
363 1137 371 1148 ‚
388 1122 632 1156 quoadstipemtia

44 1149 178 1185 faciunt,
189 1157 321 1185 capturos
329 1150 388 1186 effe.
405 1153 489 1180 Hanc
497 1154 634 1180 muletam

55 1183 101 1210 ita
109 1190 186 1217 aequo
196 1183 441 1217 animofireti5‚fi
450 1185 631 1219 reputabitis,

53 1215 138 1241 nulla
156 1215 284 1248 ignaviae
301 1220 370 1243 nota
390 1216 496 1243 leviore
506 1224 558 1243 vos
566 1217 634 1250 a'tfi-

46 1247 139 1281 gnari
149 1244 275 1281 potuisse.
294 1250 410 1282 Signum
428 1249 533 1277 deinde
550 1249 636 1276 colli—

51 1279 141 1312 gendi
152 1279 214 1306 vasa
223 1280 305 1307 dedit
314 1289 321 1306 .·
340 1281 502 1313 militesque
512 1281 633 1312 praedam

53 1316 206 1347 portantes
235 1312 405 1345 agentesque
422 1319 472 1345 per
489 1312 631 1339 lasciviam

54 1348 91 1369 ac
110 1349 206 1372 Jocum
218 1343 259 1369 iia
269 1344 427 1371 ludibundi
437 1346 632 1371 Beneventum

55 1374 180 1404 rediere,
191 1380 223 1402 ut
233 1375 268 1401 ab
279 1377 370 1408 epulis
380 1382 431 1409 per
440 1376 578 1404 celebrem
587 1377 632 1402 fe-

58 1405 191 1439 stumque
210 1407 286 1434 diem
297 1408 365 1434 acus
375 1424 383 1436 ,
403 1414 464 1434 non
474 1414 510 1434 ex
521 1410 580 1435 acie
590 1415 634 1434 re-

54 1439 131 1465 verti
142 1439 319 1475 viderentur.
331 1440 526 1467 Beneventani
537 1446 636 1466 omnes

56 1470 144 1497 turba
163 1470 250 1498 eflula
266 1478 356 1503 quum
371 1472 484 1498 obviam
492 1473 528 1499 ad
540 1477 637 1505 portas

57 1501 191 1531 existent,
201 1503 348 1534 complecti
359 1504 474 1533 milites,
483 1503 634 1537 gratulari,

56 1539 160 1560 vocare
178 1535 211 1561 in
231 1533 397 1567 hospitium.
414 1537 558 1568 Apparata
567 1542 638 1562 con-

58 1565 137 1592 vivia
156 1567 291 1593 omnibus
310 1567 341 1593 in
360 1568 513 1599 propatulo
530 1568 635 1594 aedium

57 1596 178 1625 fuerant
188 1606 195 1624 ε
206 1599 243 1624 ad
251 1605 282 1625 ea
293 1598 636 1628 invitabant‚Gracchum-

57 1630 119 1662 'que
130 1629 254 1656 orabant
271 1646 279 1659 ,
298 1635 330 1657 ut
340 1630 448 1664 epulari
458 1631 635 1663 permitteret

61 1661 215 1699 rnilitibus.
236 1662 275 1688 Et
293 1662 438 1689 Gracchus
448 1663 488 1690 ita
498 1663 633 1696 permitit,

61 1699 96 1719 in
108 1692 222 1724 publico
232 1699 248 1718 e
269 1693 419 1721 ularentur
430 1700 538 1722 omnes.
555 1698 634 1722 Ante

61 1723 127 1750 suas
166 1724 234 1751 uibu
249 1732 303 1757 que
319 1725 395 1752 fores
406 1726 518 1758 prolata
526 1727 632 1753 omnia.

61 1756 150 1788 pileat
166 1773 173 1784 ,
185 1761 236 1782 aut
244 1757 309 1783 lana
316 1757 379 1783 alba
389 1758 487 1784 velatis
496 1759 636 1790 capitibus

63 1787 183 1814 volones
200 1795 215 1814 e
235 1790 308 1815 ulati
325 1788 390 1816 sunt
404 1796 412 1820 ς
430 1790 481 1816 alii
498 1790 636 1817 accuban-

61 1823 105 1846 tes
116 1835 125 1847 ‚
142 1819 191 1846 alii
203 1795 322 1847 ifantes:
343 1821 392 1854 qui
402 1821 484 1848 simul
495 1822 639 1849 ministra-

61 1851 133 1878 bant
143 1867 152 1880 ‚
174 1851 423 1885 vescebanturque.
439 1853 532 1886 Digna
542 1860 585 1880 res
597 1855 639 1881 vi·

62 1882 93 1909 fii
104 1899 113 1912 ‚
131 1887 166 1910 ut
175 1883 355 1911 simulacrum
365 1884 498 1911 celebrati
507 1886 569 1916 ejus
578 1886 636 1913 diei

62 1915 210 1942 Gracchus
219 1931 228 1945 ,
244 1917 392 1949 postquam
406 1917 526 1943 Romam
538 1918 635 1947 rediit,

62 1946 142 1980 plngi
150 1947 264 1984 juberet
273 1948 304 1973 in
315 1949 373 1974 aede
384 1948 635 1982 Libertatis.quam

64 1983 146 2010 pater
163 1985 187 2010 ε]
193 1985 226 2005 us
235 1980 263 2006 in
276 1980 422 2007 Aventino
430 1986 467 2006 ex
477 1982 639 2008 multaticia

55 2010 185 2070 ,piccunia
212 2009 373 2038 faciendam
399 2012 510 2040 curavit
528 2013 642 2040 dedica—

59 2046 78 2069 v
92 2047 173 2074 tque.

97 2075 167 2106 cap.
186 2075 211 2100 X
222 2075 249 2100 V
260 2075 310 2101 11.
326 2077 402 2103 Dum
423 2076 481 2102 haee
497 2076 533 2102 ad
553 2077 642 2103 Bene„

62 2111 182 2132 ventum
199 2113 341 2139 geruntur
350 2125 358 2137 ,
380 2108 504 2135 Annibal
515 2108 642 2139 depopu-

61 2136 138 2165 latus
146 2144 244 2171 agrum
257 2140 524 2171 Neapolitanum,ad
535 2141 640 2166 Nolam

64 2170 154 2205 castra
178 2175 283 2197 movet.
316 2178 400 2203 quem
419 2172 468 2198 ubi
486 2172 641 2198 adventare

65 2201 166 2227 conlui
176 2200 262 2228 seniit
272 2219 278 2231 ,
291 2203 452 2234 Pomponio
464 2208 639 2236 p1·opr³’t0re

67 2239 131 2259 cum
141 2239 176 2259 eo
187 2235 322 2262 exercitu,
332 2236 382 2265 qui
393 2234 476 2267 super
488 2235 637 2262 suess'ulam

66 2263 99 2290 ln
107 2264 202 2291 castris
212 2271 272 2292 erat
284 2283 292 2295 ‚
304 2267 402 2295 accito,
414 2267 455 2292 ite
465 2267 575 2294 obviam
587 2269 638 2293 ho-

67 2295 103 2322 sti
112 2302 192 2329 parat
202 2313 210 2325 ‚
221 2304 270 2323 nec
280 2305 387 2324 moram
399 2299 556 2325 dimicandi
567 2298 637 2325 Επε-

64 2332 108 2353 re·
127 2327 282 2356 claudium
301 2331 446 2356 Neronem
464 2337 528 2357 cum
539 2331 640 2356 robore

66 2359 197 2391 equitum
209 2376 217 2388 ,
232 2361 350 2388 filontio
361 2362 508 2392 nostisper
516 2361 637 2388 aversam

64 2391 187 2421 mame
194 2392 228 2420 ab
236 2393 316 2423 boile
323 2400 436 2428 portam
445 2395 555 2424 emittit
567 2403 573 2424 :
586 2395 640 2424 cir-

670 327 976 355 tuerit‚incertum-est.
986 325 1111 353 Absente
1118 332 1151 362 ep
1163 332 1255 358 quum

675 359 810 390 proelium
831 358 1004 386 commifl‘um
1021 358 1086 385 estet
1097 374 1105 385 ,
1120 358 1254 389 ωροτίοι

695 390 792 416 uidem
810 391 886 416 haud
903 391 990 417 dubie
1012 391 1160 416 Romanus
1170 394 1231 415 erat
1242 398 1252 416 .-

689 422 724 448 ed
743 422 811 455 quia
828 423 938 455 equites
948 429 1008 448 non
1018 421 1126 448 affuere
1137 422 1166 448 in
1178 427 1253 447 tem-

675 459 754 484 pore,
767 454 841 480 ratio
849 455 1012 486 compotitae
1024 454 1065 480 rei
1076 454 1191 480 turbata
1199 454 1253 480 elt-

675 491 737 510 non
757 486 842 513 ausus
859 485 970 518 insequi
989 486 1121 512 cedentes
1130 485 1258 511 Marcel-

674 516 730 545 lus,
739 518 923 544 vincentibus
933 518 990 544 suis
1000 517 1110 549 signum
1122 518 1252 554 reccqnii

671 548 762 575 dedit.
783 551 849 577 Plus
858 555 951 576 tamen
961 551 1020 577 duo
1028 550 1122 576 millia
1130 549 1256 585 hostium

675 586 710 605 eo
729 581 777 607 die
786 583 853 607 caesa
863 582 1037 608 traduntur:
1064 582 1189 607 Romani
1198 587 1253 606 mi-

677 617 731 637 nus
749 614 978 646 quadringentis.
998 613 1070 639 Solis
1081 612 1139 638 fere
1149 612 1253 640 occasu

675 643 757 670 Nero
774 646 850 671 diem
873 646 1042 677 noctemque
1061 646 1253 682 nequicquam

676 675 803 707 fatigatis
813 678 894 709 equis
904 677 1073 704 hominibus
1088 683 1131 704 ue,
1143 683 1179 702 ne
1189 675 1253 702 viso

673 708 791 738 quidem
810 709 890 735 hoste
898 709 1011 736 rediens
1022 725 1031 738 ,
1050 715 1065 735 a
1087 714 1121 734 eo
1128 709 1256 740 graviter

676 739 716 765 est
726 740 760 766 ab
771 742 888 767 contule
900 741 1066 773 increpitus,
1077 747 1110 766 ut
1122 746 1170 772 per
1182 746 1250 766 eum

674 770 777 798 stetisse
785 772 894 799 diceret
905 787 914 800 ,
925 779 983 804 quo
995 773 1088 798 minus
1096 776 1209 804 accepta
1217 771 1253 797 ad

678 803 791 829 Cannas
808 804 976 830 redderetur
987 804 1062 830 hosti
1072 804 1176 830 clades.
1195 803 1252 828 Po—

677 833 752 861 stero
771 835 819 861 die
833 838 980 862 Romanus
999 836 1030 862 in
1040 836 1128 862 aciem
1136 834 1253 862 descen-

676 866 738 892 dit:
761 867 874 896 I‘oenus‚
886 868 972 895 tacita
980 869 1064 894 etiam
1075 874 1127 894 con
1133 866 1254 893 fefl‘ione

674 897 874 928 vistus,castrls
884 899 911 926 se
921 900 1027 926 tenuit.
1045 899 1148 925 Tertio
1159 899 1206 926 die
1214 899 1255 923 fi-

672 929 767 956 lentio
776 931 978 961 noetis‚omiffa
987 931 1032 965 spe
1041 931 1125 958 Nolae
1136 931 1255 962 potiun-

676 961 718 987 dre
727 979 735 991 ‚
753 963 795 989 rei
814 970 969 996 numquam
980 962 1112 996 prospere
1123 968 1254 992 tentatae,

679 994 839 1030 ¹ljarentum
856 996 891 1021 ad
903 995 1054 1022 certiorem
1066 994 1142 1027 spem
1150 995 1253 1028 prodi-

678 1026 768 1052 tionis
779 1026 981 1058 proficiscitur.

709 1059 780 1089 cap.
799 1060 823 1083 x
835 1060 861 1084 V
874 1060 888 1085 1
898 1060 911 1085 1
921 1060 946 1084 1.
963 1059 1026 1086 Nec
1033 1058 1146 1085 minore
1153 1059 1253 1086 animo

676 1094 720 1115 res
731 1091 862 1116 Romana
870 1091 950 1117 domi
959 1097 1044 1122 quam
1054 1091 1164 1118 militiae
1173 1097 1256 1123 gere-⁴

676 1121 771 1147 batur.
790 1123 928 1149 censores
945 1123 1027 1149 vacui
1035 1124 1070 1149 ab
1079 1130 1197 1155 operum
1207 1123 1254 1149 lo-

678 1154 835 1181 candorum
846 1161 913 1181 cura
921 1171 929 1184 ‚
948 1161 1064 1186 propter
1073 1155 1203 1186 inopiam
1213 1162 1252 1179 ae-

676 1185 746 1210 rarii
758 1203 767 1215 ‚
787 1187 823 1213 ad
844 1192 936 1212 mores
953 1187 1103 1213 hominurn
1113 1186 1254 1220 regendos

676 1217 800 1243 animum
810 1218 996 1244 adverterunt
1006 1235 1015 1248 ,
1034 1219 1252 1251 castigandaque

677 1249 769 1280 vitia;
786 1256 850 1282 quae
864 1251 942 1276 velut
960 1250 1084 1277 diutinis
1102 1251 1208 1277 morbis
1217 1259 1254 1275 :2-

677 1286 728 1311 ssra
741 1288 863 1314 corpora
875 1288 910 1308 ex
919 1282 945 1308 se
954 1282 1077 1314 gignunt
1086 1298 1094 1310 ‚
1117 1287 1182 1309 nata
1191 1283 1253 1308 bel-

677 1313 707 1338 lo
717 1318 809 1339 erant.
826 1314 953 1349 Primum
965 1320 1012 1340 eos
1020 1316 1188 1343 citaverunt,
1200 1314 1254 1346 qui

678 1345 741 1377 post
764 1346 939 1372 canneniem
961 1352 1084 1378 pugnam
1095 1345 1255 1375 rempubli-

676 1382 734 1402 cam
745 1376 892 1404 deteruisse
901 1377 1041 1410 Italiaque
1050 1377 1188 1404 excessisse
1196 1377 1256 1403 vel-

676 1408 703 1434 le
715 1409 891 1436 dicebantur.
907 1410 1034 1442 princeps
1042 1416 1142 1435 eornm
1151 1410 1254 1436 L.c:e-

676 1440 761 1467 cilius
782 1441 920 1468 Metellus
936 1458 944 1471 ,
971 1442 1022 1479 qui
1046 1442 1168 1473 quaestor
1184 1447 1250 1467 turn

678 1471 755 1499 forte
765 1478 835 1499 erat.
852 1472 933 1505 Juss‘o
943 1473 1049 1500 deinde
1057 1479 1092 1499 eo
1103 1490 1110 1502 ‚
1131 1472 1254 1500 caeteris-

679 1511 736 1535 que
755 1504 881 1536 ejusdem
893 1510 977 1530 noxae
985 1506 1041 1531 reis
1049 1504 1166 1532 cauffim
1176 1505 1254 1531 dice-

675 1542 716 1564 re,
727 1543 816 1568 quum
826 1536 943 1568 purgari
952 1536 1254 1569 nequissent,proniin-

678 1569 793 1595 ciarunt
803 1585 811 1598 ‚
824 1569 906 1594 verba
915 1570 1131 1601 orationemque
1139 1575 1186 1595 eos
1202 1568 1255 1595 ad·

679 1599 771 1626 versus
799 1600 999 1633 rempublicam
1016 1599 1144 1627 habuiffe
1165 1617 1174 1631 ‚
1191 1607 1254 1633 quo

678 1632 843 1663 conjuratio
868 1632 1028 1659 deserendae
1054 1633 1144 1659 Italiae
1162 1630 1252 1658 caussa

677 1664 769 1690 fieret.
788 1665 949 1690 Secundum
957 1671 1005 1690 eos
1013 1664 1095 1691 citari
1105 1665 1190 1691 nimis
1199 1664 1257 1695 cal,-

679 1696 733 1722 lidi
760 1696 925 1722 exsolvendi
949 1696 1140 1727 jurisjurandi
1162 1697 1255 1722 inter·

676 1733 769 1760 pretes
783 1737 788 1753 :
808 1728 859 1759 qui
868 1728 1042 1761 captivorum
1052 1734 1086 1754 ex
1097 1729 1201 1754 itinere
1213 1733 1256 1753 re-

678 1759 762 1792 grcffi
772 1759 842 1786 clam
854 1760 885 1786 in
895 1760 980 1786 castra
992 1759 1146 1786 Annibalis
1155 1775 1164 1786 ‚
1175 1758 1256 1785 solu·

679 1798 741 1818 tum
762 1792 838 1822 quod
860 1792 1175 1822 iuraverantredituros
1186 1806 1194 1818 ,
1211 1797 1256 1817 re-

680 1825 796 1850 bantur.
813 1823 868 1849 His
884 1822 1134 1856 superioribufiiue
1151 1823 1209 1849 illis
1227 1828 1260 1848 e-

702 1855 734 1881 ui
753 1854 897 1888 adempti,
916 1856 966 1886 qui
984 1856 1131 1889 publicum
1147 1861 1254 1892 equum

681 1887 821 1913 habebant
834 1895 840 1911 :
860 1887 994 1919 tribuque
1006 1888 1078 1914 moti
1088 1903 1097 1915 ‚
1117 1887 1211 1912 aeraril
1221 1893 1258 1911 0-

681 1924 780 1944 omnes
790 1918 868 1944 faeti.
886 1919 987 1951 Neque
995 1919 1098 1946 senatu
1106 1918 1257 1948 modo,aut

680 1950 804 1983 equestri
822 1950 926 1976 ordine
943 1952 1067 1982 regendo
1078 1956 1144 1976 cura
1154 1949 1182 1976 se
1191 1956 1258 1976 cen-

678 1981 774 2009 sorum
785 1982 890 2009 tenuit.
901 1983 1020 2008 nomina
1027 1983 1157 2008 omnium
1166 1987 1201 2007 ex
1213 1983 1260 2011 Ju-

679 2015 795 2041 niorum
804 2014 910 2041 tabulis
918 2014 1182 2048 excerpserunt,qui
1192 2019 1263 2046 qua-

681 2047 818 2073 driennio
828 2053 886 2072 non
899 2048 1061 2074 militaiient
1074 2054 1082 2078 ς
1093 2049 1197 2078 quibus
1208 2052 1260 2070 nc—

683 2084 738 2109 que
749 2079 856 2104 vacario
865 2079 937 2107 julla
947 2079 1067 2107 militiae,
1077 2085 1171 2110 neque
1181 2083 1260 2102 mor-

684 2110 734 2135 bus
750 2109 839 2136 caussa
857 2109 961 2137 fuiffet.
988 2111 1026 2137 Et
1044 2117 1076 2136 ea
1094 2110 1179 2141 supra
1197 2109 1257 2135 duo

682 2142 775 2167 millia
786 2141 935 2168 nominum
946 2143 976 2168 in
986 2143 1099 2169 aerarios
1105 2142 1262 2169 relara‚tri-

683 2205 740 2231 erti
758 2205 892 2232 ceni‘orite
905 2212 979 2232 notae
990 2206 1067 2232 triste
1076 2205 1260 2234 senatuscon-

686 2235 814 2263 sultum:
834 2237 898 2263 urii
911 2244 1029 2265 omnes,
1047 2243 1119 2269 quos
1127 2235 1260 2264 censores
1291 2246 1293 2249 ⁴

688 2268 829 2295 notassent
841 2285 848 2297 ⁷
867 2269 988 2301 pedibus
999 2274 1148 2297 mererent,
1161 2270 1258 2295 mitte·

685 2306 842 2332 tentusque
860 2301 891 2326 in
914 2301 1037 2327 Siciliam
1056 2301 1092 2327 ad
1103 2301 1261 2327 Canneniis

684 2333 824 2358 exercitus
837 2332 1030 2364 reliquias‚cui
1039 2333 1164 2359 militum
1174 2339 1259 2365 gene-

684 2365 708 2390 ri
729 2370 788 2389 non
812 2364 891 2402 pii-us
910 2371 992 2394 qil-zm
1005 2363 1193 2399 nulsiisltali:
1205 2365 1261 2389 ho-

676 2395 724 2426 stis
732 2395 955 2456 effemmitumgl
960 2396 1140 2457 igtendiotum
1150 2400 1264 2428 tempus

1187 2435 1260 2456 Glale

686 2174 779 2203 buque
795 2180 894 2200 omnes
904 2175 985 2200 moti.
1003 2174 1259 2205 Additumqueiii-
1299 2190 1301 2192 -
