1414 2655
141 115 208 179 ‹3:ula
235 150 372 176 uaternos
380 147 468 179 longa
476 146 559 180 pedes
568 146 718 184 ‹latamque-

142 183 205 210 flxa
243 188 300 210 rm,
311 181 396 212 quale
407 179 492 206 bastls
501 179 666 205 velitaribus
676 185 719 204 in-

142 215 195 242 est.
211 220 259 241 eos
277 212 406 251 singulos
422 211 453 237 in
477 217 567 243 equos
575 209 639 237 suos
648 212 719 238 acci-

164 247 255 273 ientes
275 241 615 276 equitesafsuefecerunt‚
635 242 663 269 δε
675 249 720 268 ve-

165 279 175 304 i
185 278 246 312 post
255 276 322 303 sese.
332 276 361 304 8<
372 275 488 303 deiilire
499 275 660 307 perniciter,
671 275 720 300 ubi

142 311 255 342 lignum
273 310 372 335 clatum
402 307 479 333 esi‘et.
506 306 654 337 Postquam
678 305 720 332 as-

141 342 294 369 suetudine
313 339 486 371 quotidiana
503 338 722 371 satisintrepide

142 374 234 400 visum
244 372 282 399 est
293 371 357 397 fieri
367 387 375 399 ‚
394 372 423 397 in
434 372 580 403 campum',
601 371 652 401 qui
665 377 721 395 me-

141 405 210 433 dius
220 406 296 431 inter
305 403 392 429 castra
401 408 571 434 murumque
581 407 643 428 crat
653 418 661 431 ‚
673 402 721 427 ad-

143 435 241 463 versus
250 434 400 461 instrudtos
420 435 628 467 campanorum
638 433 720 464 equi-

144 473 188 495 tes
205 465 407 500 precesserunt.
425 465 476 500 ubi
496 466 532 491 acl
556 465 717 495 conicetum

141 500 196 527 teli
215 504 332 525 ventum
351 497 408 526 est,
426 497 507 528 hssno
535 498 604 523 dato
622 497 722 523 velites

141 531 294 559 defiliunt.
313 529 448 561 pedestris
463 529 531 554 inde
548 529 620 554 ¹acies
638 534 672 554 ex
694 535 721 552 e-

143 564 262 596 quitatu
286 565 400 592 repente
419 561 449 586 in
468 560 590 586 hostium
611 561 723 591 equites

144 594 286 621 iucurrit:
303 591 455 624 jaculaque
473 597 536 617 cum
549 592 656 623 impetu
667 592 723 618 alia

141 624 229 664 super
244 625 301 652 alia
323 625 471 650 emittunt.
496 623 606 659 Quibus
634 624 723 655 pluri-

145 664 201 684 mis
221 658 251 683 in
272 661 361 688 equos
379 655 512 687 virosque
521 655 618 688 pastun
627 656 724 685 conje-

146 690 201 716 ctis
210 688 365 721 permultos
385 687 621 713 vulneraverunt.
639 694 722 717 pavo-

102 733 108 739 ·
144 722 186 748 ris
202 726 295 747 tamen
309 719 373 751 plus
394 725 430 744 ex
448 724 479 744 re
494 725 567 744 nova
585 720 724 749 atquein-

145 753 267 786 opinata
293 751 428 782 injectum
447 750 504 776 est:
525 750 554 776 Sc
573 750 603 776 in
614 751 725 782 percul-

145 783 209 811 sum
229 783 335 809 hostem
354 782 465 813 equites
479 782 581 809 invecti
594 798 602 809 .
624 781 719 814 fugam

146 817 322 848 stragemque
337 820 438 839 eorum
462 812 551 845 usque
571 813 606 839 ad
628 819 725 844 portas

145 847 288 875 fecerunt.
304 845 376 871 Inde
394 845 525 877 equltatu
545 851 662 876 quoque
678 842 722 871 su-

145 880 245 912 perior
266 879 396 904 Romana
416 877 489 902 acies
509 875 578 902 filit.
604 876 724 903 Institu-

145 915 226 938 rum=
247 914 280 936 ut
299 909 398 935 velites
416 908 447 934 in
457 907 616 940 legionibus
626 908 724 935 eflent.

146 942 302 969 Auctorem
322 940 447 971 pediturn
457 939 550 970 equiti
563 939 723 967 immiscen-

146 975 253 1001 dorum
265 989 273 1001 ‚
285 972 484 998 centurionem
494 971 669 1004 QNavium
683 972 723 997 fe-

144 1011 235 1032 runt:
256 1003 420 1035 honorique
438 1002 468 1030 id
486 1004 512 1030 ei
523 1003 597 1036 apud
606 1004 724 1035 impera-

146 1041 239 1064 torem
250 1035 344 1062 fuiffe.

179 1070 249 1102 cap.
268 1068 307 1092 v.
326 1067 423 1099 Qlum
435 1065 464 1092 in
476 1066 531 1091 hoc
540 1066 613 1092 statu
623 1067 658 1092 ad
669 1067 722 1093 Ca·

166 1107 230 1127 uam
248 1105 293 1125 res
308 1098 397 1126 efl‘ent
409 1113 418 1127 ‚
438 1098 610 1124 Annibalem
630 1098 721 1124 diver-

159 1139 225 1161 um,
241 1131 408 1157 Tarentinae
425 1129 498 1156 arcis
532 1129 658 1156 otiundae
669 1131 722 1156 Ca-

144 1169 266 1197 puaeque
282 1161 441 1189 retinendae
469 1167 497 1188 tr
536 1161 620 1187 ebant
637 1168 721 1188 curae.

148 1196 218 1223 vicit
245 1199 341 1221 tamen
367 1192 508 1226 respectus
532 1194 636 1225 capuae
653 1209 662 1221 .
691 1194 721 1219 in

144 1233 233 1261 quam
242 1228 373 1253 omnium
390 1224 533 1251 sociorum
542 1224 723 1257 hostiumque

141 1257 298 1287 conversos
307 1256 419 1284 videbat
427 1256 539 1283 animos
549 1265 555 1281 :
569 1256 724 1283 documen·

142 1294 178 1318 to
197 1289 323 1318 futurae,
343 1288 569 1320 qualemcunque
592 1294 722 1314 eventum

143 1321 270 1350 defectio
289 1320 324 1347 ab
344 1320 482 1346 Romanis
500 1318 649 1346 habuisset.
667 1321 724 1354 Igi-

145 1358 197 1382 tur
222 1358 323 1384 magna
346 1356 424 1383 parte
453 1351 722 1383 impedimentorum

144 1383 246 1412 relista
265 1386 296 1411 in
314 1383 458 1412 Bruttiis,
474 1383 503 1409 ὃ(
514 1383 592 1409 omni
611 1384 722 1420 gravio-

145 1423 178 1444 re
195 1420 306 1443 arn-atu
317 1433 326 1446 ,
343 1422 408 1441 cum
429 1414 545 1442 delectis
554 1415 681 1446 peditum
695 1421 723 1441 e-

143 1448 320 1481 quitumque
337 1453 421 1479 quam
441 1451 553 1477 poterat
575 1446 724 1478 aptissimis

143 1481 183 1508 ad
193 1479 393 1506 maturandum
403 1479 459 1504 iter
469 1495 478 1507 ‚
496 1478 527 1504 in
539 1479 721 1510 Campaniam

143 1512 311 1539 contendit,
328 1510 418 1537 secuti
437 1515 530 1536 tamen
551 1514 607 1535 tam
618 1511 722 1541 raptim

143 1549 263 1576 euntem
285 1547 341 1569 tres
366 1542 396 1569 St
421 1542 459 1568 tri
483 1542 544 1568 inta
561 1541 717 1571 elephanti.

145 1575 183 1602 lu
195 1574 268 1601 valle
284 1573 396 1601 occulta
413 1547 480 1605 ροίξ
485 1572 585 1598 Tifata
596 1578 720 1600 montem

144 1607 342 1633 immInentem
351 1606 457 1637 Capuae
465 1604 609 1631 consedit.
627 1605 721 1631 Adve-

143 1639 230 1666 niens
239 1644 328 1670 quum
335 1636 478 1663 castellum
487 1636 641 1670 Galatiam,
652 1644 723 1669 prae.

144 1670 221 1697 fidio
233 1669 299 1696 inde
309 1670 335 1695 vl
350 1668 432 1700 pulso
443 1684 452 1695 .
473 1667 585 1700 cepisset
598 1674 606 1697 3
617 1669 646 1694 in
666 1669 723 1694 cir-

144 1701 338 1730 cumsedentes
347 1702 388 1726 Ca
408 1706 472 1727 uam
483 1699 511 1725 se
521 1700 608 1726 vertit
621 1707 627 1725 :
650 1707 722 1731 prze-

145 1733 232 1760 mitiis
240 1738 307 1759 ante
316 1739 394 1759 nunc
407 1733 430 1758 is
438 1732 574 1764 Capuam,
604 1738 642 1756 uo
653 1736 724 1758 tem-

186 1771 216 1792 re
234 1764 319 1791 castra
341 1765 472 1790 Romana
490 1769 572 1796 aggre
595 1769 664 1789 urus
681 1764 722 1789 es·

158 1801 207 1826 et,
223 1801 256 1823 ut
273 1797 372 1823 eodem
391 1796 420 1823 Sc
441 1795 529 1821 illiad
539 1796 720 1830 eruptionem

142 1829 257 1862 parati,
275 1829 368 1860 portis
384 1827 518 1854 omnibus
526 1826 583 1852 sele
592 1826 721 1853 estunde-

143 1865 222 1887 rent.
251 1860 309 1886 Res
328 1866 381 1886 nec
395 1858 543 1891 explorata
564 1859 702 1885 Romanis
714 1873 722 1886 ι

143 1891 288 1924 ingentem
305 1890 428 1924 praebuit
444 1894 596 1916 terrorem.
613 1896 677 1916 nam
693 1897 722 1916 a·

141 1923 183 1950 lia
196 1927 276 1955 parte
286 1921 345 1954 lpse
362 1923 483 1949 adortus
491 1921 530 1947 est
542 1928 550 1949 ;
570 1921 626 1947 alia
638 1923 721 1947 cam-

142 1954 213 1987 pani
224 1970 232 1983 ‚
250 1961 349 1980 ornnes
371 1952 654 1991 peditesequiresque
666 1969 674 1981 ‚
691 1954 720 1981 Sc

142 1993 210 2013 cum
219 1986 255 2012 lis
265 1986 404 2012 Punicum
415 1984 574 2017 praefidmm
586 2001 594 2012 ‚
606 1986 651 2011 cui
665 1985 721 2011 Bo-

141 2017 199 2044 star
216 2017 245 2045 δι
256 2018 363 2044 Hanno
373 2022 522 2048 praeerant,
531 2015 639 2047 erupit.
659 2017 722 2043 Ro-

142 2049 220 2076 mani
237 2055 272 2076 nt
292 2049 324 2075 in
343 2055 373 2075 re
383 2049 512 2080 trepida.
532 2054 569 2073 ne
588 2048 719 2074 adunam

142 2081 342 2108 concurrendo
362 2084 470 2112 partem
497 2079 608 2111 aliquid
637 2080 720 2106 inde·

141 2111 218 2139 senii
238 2113 436 2145 relinquerent
448 2127 457 2141 ‚
478 2111 519 2137 ita
537 2111 614 2137 inter
633 2111 660 2136 se
672 2119 718 2138 co-

140 2145 202 2176 plas
222 2145 320 2178 partiri
343 2143 420 2170 sunt.
447 2142 560 2174 Appius
579 2142 719 2169 claudius

142 2176 296 2207 Campanis
308 2193 314 2203 ‚
331 2175 451 2202 Fulvius
470 2174 608 2201 Annibali
619 2174 657 2200 est
667 2181 719 2206 op-

139 2208 261 2240 positus.
287 2207 428 2233 claudius
452 2206 535 2233 Nero
558 2211 719 2238 propraetor

138 2244 205 2266 eum
224 2239 370 2271 equitibus
389 2237 473 2265 sextae
490 2237 630 2268 lenimus,
650 2237 694 2262 via
708 2254 717 2267 ,

137 2268 717 2332 2¹:3³.⁵⁰5ss¹2¹smfi¹3e15fi3ssdlf¹l¹fz¹iliiz

140 2332 215 2360 stitit
251 2335 367 2365 regione
377 2333 521 2360 Vulturni
531 2332 715 2358 amnis.1'roe-

576 100 906 134 'LL'vrr

769 147 897 173 tumultu
907 144 947 172 est
955 149 1092 178 eoepmm2
1100 144 1148 172 sed
1157 146 1194 174 ad
1203 145 1292 174 alium
1305 145 1348 174 vl-

770 184 870 204 rorum
881 194 890 207 ‚
910 185 1053 211 equorum
1064 194 1072 208 ,
1087 184 1290 212 armorumque
1299 179 1347 206 so.

771 216 840 236 num
851 227 860 239 ,
876 210 1011 240 dispolita
1030 211 1060 236 in
1077 210 1167 237 murls
1185 211 1345 244 campano·

769 247 833 269 rum
851 241 973 269 imbellis
990 241 1151 268 multitudo
1162 247 1272 268 tantum
1281 249 1345 269 cum

767 273 831 309 aeris
838 274 951 306 crepitu
962 290 971 304 ,
988 274 1081 306 qualis
1099 274 1130 299 in
1145 273 1345 301 defcstuluna

773 306 870 333 silenti
891 306 974 332 noste
991 306 1059 331 cieri
1068 303 1161 333 solet.
1185 305 1279 333 edidit
1287 306 1346 332 cla.

768 344 876 364 morem
886 355 894 367 ‚
915 344 947 364 ut
963 341 1104 364 averteret
1120 337 1207 364 etiam
1217 343 1348 376 pugnan-

769 370 841 396 tium
851 369 973 395 animos.
991 371 1150 402 Campanos
1169 368 1276 395 facilen
1289 368 1350 395 val·

768 402 797 428 lo
811 401 920 433 Appius
936 401 1057 427 arcebar.
1075 400 1172 430 Major
1182 401 1223 426 vis
1233 400 1267 426 ab
1276 400 1350 426 alte-

769 439 799 458 ra
816 438 895 466 parte
906 433 1041 459 Fulvium
1050 448 1059 461 ,
1072 432 1238 460 Annibal&
1250 431 1345 461 I‘oeni.

768 464 918 497 urgebant.
937 465 1012 496 legio
1030 463 1070 490 ibi
1080 462 1160 501 sexta
1171 464 1236 490 loco
1246 462 1346 492 cellit,

768 493 1345 563 2331?ss¹3e÷253532⁵ufsz¹522225⁰521532

768 560 904 590 per-vaiit:
928 564 1099 591 ruperatque
1115 559 1236 585 mediam
1254 558 1344 584 aciem

770 592 968 617 Romanorum
980 607 988 620 ‚
1009 590 1038 617 8(
1059 591 1089 616 in
1107 591 1228 623 ancipiti
1247 589 1296 622 spe
1312 589 1343 616 δε

769 623 896 656 periculo
913 628 993 650 erat,
1008 627 1107 648 utrum
1125 621 1157 648 In
1175 622 1263 650 castra
1304 627 1349 647 er-

771 660 933 686 rumperet,
952 661 987 680 an
999 652 1265 680 intercluderetura
1288 654 1346 680 uis.

769 686 862 718 Quem
874 692 1003 715 pavorem
1015 685 1136 716 legionis
1145 700 1153 713 ,
1169 685 1343 716 periculum-

769 724 824 748 que
834 717 987 743 castrorum
1000 716 1122 743 Fulvius
1131 717 1181 743 ubi
1191 717 1264 744 vidit
1275 733 1284 745 ‚
1304 717 1354 750 Q

769 749 894 776 Navium
921 747 1113 781 primoresque
1138 749 1210 774 alios
1243 753 1346 775 centu·

770 782 885 806 tionum
904 781 1053 808 hortatur,
1080 782 1113 804 ut
1136 779 1268 805 cohortem
1294 778 1342 804 ho-

761 812 853 845 stittm
870 810 928 843 sub
951 812 1030 837 mallo
1055 815 1227 847 pugnantem
1255 811 1345 836 inva-

770 845 845 869 dant
863 849 897 868 ac
912 843 1066 870 trucident.
1085 839 1232 874 msummo
1242 841 1347 876 discri-

771 875 846 901 mine
863 882 920 900 rem
939 875 1036 900 verti:
1055 878 1108 899 aut
1126 875 1210 900 viam
1219 874 1347 899 dandam

770 907 807 933 1‘1'5
818 902 878 938 effe,
889 902 928 938 όν
938 907 1045 931 minore
1053 910 1156 930 conam
1168 922 1176 935 ,
1185 912 1270 938 quam
1282 911 1349 931 con.

768 937 884 970 densam
904 939 989 963 aciem
1009 933 1192 969 irrupissent,
1211 937 1243 962 in
1254 936 1345 970 castra

767 970 829 995 irru
849 975 928 995 turos
936 978 945 995 .·
963 972 1015 994 aut
1025 967 1209 1000 conficiendos
1217 966 1268 998 sub
1277 969 1350 994 ‘val-

770 1002 795 1026 lo
805 1008 818 1027 e
844 1009 867 1026 e.
886 1001 945 1026 Nec
961 1000 1059 1035 magmj
1065 1000 1230 1026 certaminis
1238 1005 1293 1025 rem
1295 998 1347 1032 fo-

767 1039 814 1059 re:
835 1038 938 1067 pqucos
948 1029 998 1064 effi»
1009 1048 1017 1060 ,
1036 1039 1073 1063 (5-
1090 1028 1199 1063 absuis
1209 1032 1345 1058 interclu-

761 1063 830 1097 sos.-
851 1072 888 1096 <5⁶
910 1069 970 1096 quae
980 1064 1047 1088 aum
1056 1066 1162 1095 paveat
1175 1079 1183 1092 ,
1204 1062 1347 1089 Romanis

770 1095 1018 1132 interrupta-actes
1036 1094 1194 1123 videatur.
1214 1093 1342 1152 ‘am'fs‘

769 1129 913 1160 utrimque
932 1134 963 1153 in
982 1126 1080 1157 hostem
1089 1129 1188 1151 venas
1198 1141 1206 1154 ‚
1222 1131 1279 1152 ane
1291 1131 1308 1160 ρ
1322 1125 1350 1153 ti

769 1164 867 1193 pugna
881 1159 985 1186 medios
994 1154 1263 1184 circumformat-am.
1282 1159 1345 1185 Na-

768 1193 831 1218 vius
849 1193 899 1218 ubi
920 1192 977 1217 brec
996 1191 1033 1216 im
1054 1190 1176 1216 cratoris
1185 1189 1261 1215 dista
1269 1196 1347 1217 acce-

768 1224 828 1257 pit,
847 1222 962 1250 secundl
987 1222 1021 1247 ha
1045 1222 1087 1248 ati
1113 1220 1224 1252 (ignum
1250 1221 1347 1248 adem·

771 1261 851 1287 ptum
870 1254 1006 1287 signifero
1026 1253 1056 1278 in
1068 1251 1277 1279 hostesinfert:
1314 1258 1345 1278 a·

769 1286 881 1313 sturum
893 1286 921 1312 in
934 1285 1043 1311 medios
1051 1290 1098 1310 eos
1108 1283 1246 1310 minitans
1255 1298 1264 1312 ‚
1274 1289 1293 1310 n
1318 1282 1346 1310 st

767 1325 888 1351 propere
904 1317 1060 1348 sequantur
1077 1316 1183 1341 milites
1200 1314 1349 1347 &partem

768 1349 1348 1408 ἓξἓῖᾞὲὶίῗέἱῖἔεέἒέῗὲἕὲἕέὲῖῧ,ἵῖἒὲ

769 1418 796 1440 te
816 1414 925 1446 signum
945 1416 1124 1437 converterat
1142 1410 1177 1436 ad
1205 1409 1349 1442 speciatu-

770 1446 832 1471 lum
852 1446 926 1471 cives
943 1444 1100 1474 hostesque.
1118 1448 1251 1468 caeterum
1271 1443 1347 1482 post-

769 1484 854 1509 quam
863 1477 921 1506 jam
931 1476 965 1501 ad
978 1475 1053 1506 ligna
1066 1480 1232 1506 pervenerat
1245 1474 1348 1506 Hispa·

769 1514 872 1537 norum
884 1525 891 1535 .
901 1514 962 1534 tum
972 1507 1102 1538 undique
1111 1506 1141 1531 in
1154 1512 1218 1532 eum
1229 1507 1347 1540 tragulae

767 1541 912 1570 corucem,
923 1540 952 1566 St
963 1544 1052 1571 prope
1063 1543 1123 1564 tota
1133 1538 1162 1564 in
1174 1544 1263 1564 unum
1273 1539 1347 1566 acles

768 1571 846 1597 versa
858 1579 863 1596 τ
874 1572 922 1598 sed
935 1577 1026 1601 neque
1036 1569 1159 1595 hostium
1171 1569 1346 1599 multitudo.

767 1609 860 1635 neque
885 1604 1009 1629 telorum
1028 1601 1070 1627 vis
1094 1606 1190 1628 arcere
1207 1601 1347 1634 impetum

769 1636 831 1667 ejus
840 1635 894 1661 viri
905 1637 1076 1664 potuerunt.

802 1668 872 1698 cap.
891 1667 944 1692 vx.
964 1666 1008 1691 M.
1021 1663 1250 1696 Atiliuslegatus
1260 1663 1349 1696 primi

769 1699 915 1756 ιέῑεῑέξέῗὲῗ.
925 1696 1349 1759 ἓξὴὶἢῗὲᾞυὲῗὲἑῖὣῖηᾞῖἓὲἓ

768 1762 822 1794 git.
843 1763 882 1788 Et
891 1760 1048 1800 quicastris
1058 1765 1209 1788 praeerant,
1227 1760 1350 1786 L.1‘or-

768 1794 830 1820 cius
840 1793 962 1819 Licinus
972 1809 979 1820 .
1002 1791 1031 1818 8<
1050 1791 1089 1816 T.
1101 1791 1229 1822 Popilius
1238 1792 1323 1825 legati
1335 1807 1346 1822 .

768 1832 822 1858 pro
840 1825 917 1851 vallo
935 1824 1041 1850 acriter
1068 1827 1270 1855 propugnant:
1291 1823 1350 1850 ele-

769 1856 947 1889 phantosque
974 1853 1213 1887 transgredientes
1230 1855 1261 1880 in
1279 1853 1346 1887 ipso

769 1890 846 1918 valio
871 1888 1044 1914 conficiunt.
1071 1891 1194 1917 quorum
1214 1885 1348 1918 corpori-

771 1920 822 1946 bus
840 1927 930 1952 quum
950 1918 1065 1949 oppleta
1079 1917 1142 1944 esi‘el
1155 1916 1226 1944 fosta
1238 1934 1246 1945 ‚
1267 1917 1348 1946 velut
1368 1936 1369 1942 ,

768 1959 808 2009 ἐξ
823 1949 1352 2013 θ-’ξυξὲἑιῧῖΜῆἔ’ἒέᾒῧὲηὲἳῧῗὲιῖ

835 1992 842 2010 1
992 2000 998 2006 .

768 2016 843 2041 tium
859 2015 1078 2046 elephantorum
1089 2027 1098 2040 ,
1117 2018 1200 2038 atrox
1211 2012 1288 2039 edita
1298 2019 1352 2039 ca-

768 2048 827 2073 des.
848 2047 946 2072 Altera
965 2045 995 2070 in
1018 2048 1097 2076 parte
1111 2043 1267 2070 castrorum
1285 2043 1346 2074 iam

769 2078 882 2109 impulsi
895 2082 976 2103 erant
987 2076 1135 2110 Campani,
1148 2075 1347 2108 Punicumque

770 2110 932 2143 praesidium
942 2125 950 2136 ,
971 2107 999 2135 8(
1008 2105 1060 2134 sub
1070 2107 1127 2138 ipsa
1137 2113 1218 2140 porta
1228 2108 1345 2140 Capua,

768 2148 831 2173 quae
852 2141 1030 2167 Vulturnum
1051 2138 1125 2167 fert,
1145 2139 1344 2171 pum-abatur:

768 2179 862 2205 neque
873 2179 928 2199 tam
937 2172 1038 2197 armati
1047 2170 1274 2204 irrumpentibus
1285 2171 1348 2197 Ro·
1396 2177 1399 2183 ·

770 2206 859 2232 manis
869 2204 1032 2231 resiliebant
1046 2219 1055 2231 ‚
1075 2209 1159 2234 quam
1174 2203 1254 2234 quod
1263 2207 1348 2235 porta

769 2236 876 2262 balistis
911 2233 1165 2267 scorpionibusque
1189 2232 1346 2264 instructa.

769 2268 916 2295 missilibus
934 2266 1034 2299 procul
1058 2266 1151 2292 hostes
1166 2265 1286 2292 arcebat.
1311 2265 1344 2293 δε

768 2297 915 2333 suppreflit
926 2299 1062 2328 impetum
1073 2298 1270 2324 Romanorum
1282 2297 1348 2323 vul-

768 2337 823 2357 nus
842 2330 1021 2362 imperatoris
1039 2330 1064 2354 A
1086 2329 1127 2360 pil
1139 2328 1255 2356 Claudii
1267 2338 1275 2354 .·
1293 2327 1342 2355 cui

141 2364 217 2392 iim
232 2371 294 2394 non
310 2364 400 2394 solito
424 2364 514 2394 modo
535 2364 659 2392 clamore
684 2370 716 2393 ac
762 2362 830 2391 mos
852 2367 920 2392 ante
943 2362 1036 2395 prima
1069 2366 1137 2395 :gua
1160 2360 1341 2389 adhortanti,
1374 2381 1379 2387 .

1285 2389 1339 2420 sub
