1414 2655
165 96 237 132 744

622 86 667 120 Τ.
713 86 911 122 Livi!

158 135 286 165 primere
296 133 326 160 in
337 133 454 160 occulto
463 133 567 159 famam
578 130 642 164 ejus
651 131 691 158 rei
703 132 741 158 est
784 133 847 166 Ipse
860 135 974 167 postero
983 135 1032 162 die
1040 150 1049 165 ‚
1066 138 1100 163 ut
1110 134 1258 163 distineret
1269 140 1363 168 regem

155 171 279 192 conatus
292 171 300 196 ;
318 165 404 192 millis
422 167 473 198 qui
485 166 682 192 Pantauchum
694 164 738 190 in-

155 197 194 223 de
215 197 377 224 venientem
397 200 628 230 appropinquare
640 197 738 222 castris

154 235 307 256 vetarent:
325 230 374 256 sed
392 230 450 261 jam
470 229 500 256 Sc
518 229 601 261 pueri
618 228 735 260 quidam

152 262 207 288 viii
225 263 260 287 ab
279 261 338 288 suis
357 266 441 288 erant
452 261 530 288 inter
540 261 652 287 obfides
662 260 734 291 llly-

152 295 214 320 rios
223 293 303 319 duc'ti
316 301 322 319 :
335 294 364 320 ὃς
376 300 434 326 quo
444 299 565 325 quaeque
573 293 735 318 accuratius

147 331 292 352 curantur
303 341 312 353 ‚
329 331 365 351 eo
383 325 497 352 facilius
506 324 683 356 loquacitate
693 329 734 349 re-

149 358 266 389 giorum
288 357 484 383 ministrorum
505 361 649 382 emanant.
678 356 735 381 Sub

153 389 231 415 idem
253 395 363 421 tempus
384 389 496 416 Rhodii
507 389 592 420 legati
606 388 635 413 in
646 386 734 414 castra

153 426 316 450 venerunt,
337 427 403 447 cum
413 419 513 448 iisdem
525 421 561 446 de
571 425 638 451 pace
650 425 729 444 man-

153 452 241 481 datis,
253 459 316 485 quae
328 453 428 478 Roma:
438 453 586 484 ingentem
595 452 666 477 iram
681 451 734 476 Pa-

148 489 229 510 trum
239 485 409 511 excitavere.
427 485 526 510 Multo
537 482 733 514 iniquioribus

150 516 258 542 animis
286 514 302 542 ὲ
326 516 457 543 castrenli
493 516 613 542 coniilio
638 514 732 540 auditi

146 547 229 574 sunt.
246 549 349 580 Itaque
369 555 458 579 quum
467 548 519 574 alii
529 547 687 579 praecipites
698 547 732 572 ii·

148 586 187 606 ne
205 579 343 612 responso
362 581 381 599 -:.=
399 581 525 612 agendos
549 579 646 605 castris
665 584 731 608 pro-

148 612 300 638 nunciavit
320 628 328 639 .
343 612 405 644 post
423 612 499 638 diem
518 609 731 642 quintumdeci-

148 650 226 670 mum
236 642 264 670 se
274 642 437 675 responsum
447 641 729 677 daturumanterim,

143 680 180 701 ut
199 681 348 707 appareret
367 681 508 707 quantum
519 673 731 709 pacificantium

151 708 339 734 Rhodiorum
348 708 503 734 auctoritas
512 705 651 734 valuiflet,
662 711 728 731 con-

146 739 258 766 iultare
275 740 312 766 de
332 741 447 766 ratione
467 739 533 765 belli
543 737 659 770 gerendi
672 743 728 762 coe-

147 772 204 804 pit.
225 772 354 798 Placebat
365 769 587 803 quibusdam&
603 768 727 795 maxime

149 803 308 834 majoribus
325 809 396 830 natu
416 819 425 831 ‚
443 808 493 835 per
511 801 618 834 Enipei
638 801 728 833 ripam

147 834 385 866 munitionesque
404 835 460 860 vim
470 834 572 860 facere.
589 832 730 859 confertis

148 867 179 893 St
198 867 255 892 vim
275 866 448 894 facientibus
456 866 584 892 reilstere
594 865 729 890 Macedo-

147 905 200 924 nas
219 905 279 924 non
299 899 375 929 posse
393 905 402 929 ς
420 905 456 924 ex
475 903 521 925 tot
536 896 658 923 castellis
675 896 729 922 ali-

145 936 260 963 quanto
279 931 434 957 altioribus
452 936 484 956 ac
502 928 727 957 munitioribus,

148 969 214 994 quae
247 963 350 990 validis
373 961 513 994 praelidiis
539 959 727 988 insedisient,

146 995 247 1024 priore
264 1001 343 1021 anno
362 995 496 1024 delectos.
512 993 578 1019 aliis
586 991 724 1022 placebat,

147 1026 299 1053 octavium
318 1032 384 1052 cum
401 1026 482 1053 classe
499 1024 725 1051 Thessalonicam

145 1063 256 1089 petere.
265 1058 294 1085 Sc
306 1059 495 1090 populatione
504 1057 655 1083 maritimae
666 1061 725 1080 oroe

144 1089 319 1122 distringere
337 1091 433 1122 copias
448 1089 558 1121 regias:
577 1093 611 1114 ut
630 1087 725 1113 altero

144 1122 181 1147 ab
191 1126 272 1154 tergo
283 1122 312 1148 se
321 1122 491 1148 ostendente
501 1120 588 1147 bello,
599 1120 723 1156 circum:

144 1156 225 1180 actus
249 1155 285 1180 ad
311 1154 482 1180 interiorem
507 1156 615 1185 partem
640 1156 722 1185 regni

144 1186 285 1212 tuendam
305 1186 415 1212 nudare
423 1185 520 1216 aliqua
530 1183 722 1215 partetranii-

143 1223 158 1242 r
182 1223 194 1244 s
213 1218 318 1249 Enipei
334 1222 497 1249 cogeretur.
513 1215 571 1248 Ipli
582 1213 723 1241 natura&

141 1223 277 1281 ogeribus
295 1249 531 1280 inexsuperabilis
540 1248 601 1279 ripa
609 1246 724 1272 videba-

143 1286 211 1307 tur:
235 1282 265 1308 8<
284 1287 471 1312 praeterquam
488 1281 567 1312 quod
577 1282 723 1305 tormenta

145 1312 255 1346 ubique
265 1313 401 1344 dispolita
410 1313 509 1340 effent,
519 1311 669 1337 missilibus
678 1314 720 1348 et:

145 1345 203 1371 iarn
224 1345 327 1372 melius
335 1345 364 1372 Sc
374 1346 497 1372 certiore
507 1343 564 1370 istu
574 1343 665 1368 hostes
675 1346 721 1367 uti

143 1376 289 1404 audierat.
316 1377 387 1403 Alio
404 1376 543 1409 spectabat
560 1380 639 1400 mens
657 1378 721 1399 tota

144 1409 244 1435 ducis:
263 1409 434 1440 dimissoque
444 1408 566 1435 consilio
576 1405 721 1432 Perta-bos

141 1445 331 1469 mercatores,
352 1441 505 1467 Schoenum
525 1437 722 1469 &Menophi-

142 1472 206 1498 lum
226 1472 485 1503 notae&ndeijam
495 1470 722 1502 fibi&pruden-

144 1504 194 1530 tiae
214 1504 362 1532 homines,
381 1504 530 1530 acceriitos
539 1502 648 1528 secreto
658 1507 722 1532 per—

139 1535 406 1568 cunstatunquales
413 1535 619 1562 adPerraebiam
629 1531 722 1567 trans-

142 1568 204 1594 itus
221 1569 290 1596 unt.
309 1569 407 1601 Quum
416 1569 480 1595 loca
489 1573 548 1593 non
558 1567 660 1604 iniqua
669 1563 722 1600 efle

140 1600 277 1627 dicerent
287 1616 296 1629 ‚
314 1599 453 1632 praesidiis
460 1606 554 1626 autern
564 1603 639 1630 regis
647 1597 720 1634 obii-

143 1631 209 1658 deri
229 1631 305 1665 spem
326 1633 400 1664 cepit
410 1648 420 1660 ,
435 1632 458 1657 li
470 1631 553 1658 noste
562 1626 719 1661 improviso

145 1663 241 1690 valida
260 1670 346 1690 manu
368 1663 506 1696 aggressus
516 1662 721 1694 necopinantes

129 1695 235 1728 ⁴estet,
255 1696 342 1726 dejici
362 1696 491 1727 praeiidia
511 1695 595 1727 poffe.
620 1692 722 1725 Jacula

145 1727 223 1752 enim
232 1727 263 1754 8(
272 1727 389 1760 sagittas
400 1744 408 1756 ‚
416 1727 446 1755 8<
454 1733 554 1754 coetera
563 1725 679 1752 missilia
688 1724 719 1749 in

143 1759 273 1785 tenebris
291 1775 299 1787 .
321 1759 374 1785 ubi
395 1760 466 1791 quid
484 1764 599 1790 petatur
639 1755 722 1782 rocul

140 1790 292 1822 provideri
303 1797 428 1823 nequeat
439 1807 447 1821 .
459 1791 600 1818 inutiliae
622 1795 647 1815 e.
662 1789 720 1820 gla-

143 1822 196 1847 dio
221 1823 353 1849 cominus
371 1824 433 1862 geri
451 1829 509 1849 rem
530 1823 562 1849 in
582 1821 723 1855 permixta

143 1854 252 1882 turba,
272 1861 331 1886 quo
349 1856 432 1881 m1les
450 1856 600 1882 Romanus
612 1854 720 1879 vincat.

143 1886 200 1912 His
209 1886 330 1912 ducibus
336 1885 442 1913 usurus
451 1903 460 1915 ‚
477 1892 628 1918 praetorem
639 1885 722 1910 oeta-

140 1917 223 1944 vlum
241 1917 401 1945 arcessitum
412 1934 421 1947 ‚
440 1919 574 1951 expolito
612 1917 665 1944 uid
675 1922 723 1947 pa-

143 1954 239 1985 raret,
260 1950 430 1987 Heracleum
449 1957 512 1977 cum
535 1951 579 1977 cla
603 1954 722 1981 epetere

144 1981 236 2012 jubet,
246 1981 276 2008 Sc
285 1982 365 2008 mille
377 1982 545 2009 hominibus
553 1982 650 2008 decem
661 1980 720 2006 die-

140 2019 206 2039 rum
216 2013 295 2040 costa
304 2013 412 2040 cibaria
423 2014 538 2040 habere.
554 2013 619 2045 Ipse
630 2011 723 2038 nsci-

138 2045 255 2077 pionem
275 2045 406 2072 Naiicam
417 2062 425 2074 .
446 2047 485 2079 Q
496 2046 616 2072 Fabium
627 2043 724 2071 Maxi·

139 2083 218 2102 mum
238 2077 333 2103 filium
343 2076 425 2104 suum
434 2084 499 2104 cum
508 2078 580 2110 quin
603 2084 637 2104 ue
646 2076 722 2104 dele-

140 2109 194 2134 ctis
204 2109 332 2136 millibus
342 2110 511 2136 Heracleum
525 2111 592 2136 mitt
607 2115 627 2138 t,
640 2109 721 2134 velut
736 2111 741 2120 ⁵

139 2140 250 2167 claffem
262 2140 464 2168 conscensuros
473 2158 481 2172 ‚
501 2141 537 2168 ad
547 2141 720 2168 maritimam

141 2178 221 2208 oram
231 2172 382 2200 interioris
392 2173 579 2201 Macedoniae.
596 2174 676 2206 quod
687 2173 717 2198 in

138 2204 262 2230 coniilio
282 2205 423 2236 agitatum
442 2210 503 2231 erat
520 2221 528 2233 2
547 2205 717 2232 vastandam.

138 2237 256 2262 Secreto
276 2236 437 2263 indicatum
449 2253 457 2266 ‚
478 2237 586 2264 cibaria
594 2237 638 2264 his
649 2243 719 2268 prae—

138 2273 238 2298 parata
254 2268 290 2294 ad
309 2267 418 2295 classem
436 2268 488 2295 effe
501 2284 509 2297 ‚
530 2275 566 2295 ne
584 2270 656 2301 quid
667 2274 716 2295 eos

139 2305 313 2338 moraretur.
332 2300 403 2326 Inde
421 2300 488 2332 jussi
508 2300 719 2328 ducesitineris

137 2332 180 2358 ita
199 2331 332 2370 'divit-iere
348 2332 420 2357 viam
434 2349 441 2360 ‚
464 2337 498 2359 ut
507 2333 719 2366 quai-tavizilia

137 2366 228 2391 tertio
245 2363 294 2392 dte
313 2363 452 2397 Pythium
471 2365 582 2394 adoriri
592 2366 715 2400 pollent.

782 168 817 192 ab
828 167 1034 200 circumspectu
1046 175 1139 194 rerum
1148 168 1271 194 aliarum
1282 183 1290 196 ,
1300 169 1361 201 pri—

784 204 828 224 ma
846 198 910 225 lnce
919 200 1014 227 medio
1024 201 1055 226 in
1067 200 1147 227 alveo
1156 206 1221 227 cum
1232 199 1365 227 stationi-

785 230 836 257 bus
854 231 980 258 hostium
1001 232 1291 263 praeliumcommint.
1309 238 1362 264 pu-

781 267 961 295 gnatumque
978 264 1127 296 utrimque
1143 264 1184 291 est
1202 263 1259 289 levi
1270 269 1364 289 arma·

782 299 865 320 tura:
886 300 939 322 nec
955 296 1135 328 gravioribus
1151 296 1238 322 armis
1258 295 1288 321 in
1302 299 1362 322 tam

783 327 836 351 inae
858 327 918 361 ¹uali
935 334 1006 353 aveo
1024 328 1147 360 pugnari
1158 332 1283 359 poterat.
1303 327 1362 353 De-

777 356 844 383 scen
861 363 894 385 us
902 359 970 391 ripae
981 360 1132 392 utriunque
1142 360 1173 385 in
1181 360 1295 385 alveum
1306 364 1366 385 tre-

779 394 932 427 centorum
949 390 1040 417 ferme
1058 391 1183 424 paffuum
1202 397 1282 417 erat:
1302 396 1361 416 me-

780 421 862 447 dium
881 420 1004 454 spatium
1025 425 1165 450 torrentis
1180 422 1252 449 alibi
1271 421 1360 449 aliter

781 453 873 479 cavati
892 456 979 486 paulo
997 455 1060 487 plus
1077 462 1161 487 quam
1172 454 1254 480 mille
1264 452 1358 486 paffus

781 485 904 516 patebat.
925 487 970 512 lbi
991 487 1020 512 in
1033 488 1128 513 medio
1137 503 1144 515 J
1167 484 1360 518 spectantibus

783 517 929 556 utrimque
941 525 977 544 ex
986 519 1061 545 vallo
1069 519 1123 545 cast
1129 524 1225 544 rorum
1236 517 1304 543 hinc
1315 523 1358 543 re-

780 554 824 580 ge,
838 549 907 575 binc
915 551 1032 577 consule
1039 557 1103 577 cum
1114 551 1171 576 suis
1178 549 1356 581 legionibus,

783 586 940 618 pugnatum
958 583 1009 608 eii.
1026 582 1183 609 Miflilibus
1203 581 1359 613 proculce-

777 618 823 643 τω
835 613 946 639 auxilia
956 614 1059 641 melius
1067 613 1235 647 pugnabant
1247 619 1254 644 ;
1269 613 1360 640 cemi-

781 650 833 670 nus
843 644 970 671 stabilior
979 646 1108 672 &tutior
1118 662 1126 675 ‚
1136 650 1188 672 aut
1199 651 1294 676 parma
1304 647 1357 671 aut

778 674 858 714 scuto
868 677 1033 708 Ligustino,
1046 679 1194 704 Romanus
1201 682 1274 703 erat.
1290 677 1356 702 Me-

781 709 856 743 ridie
874 708 934 734 fere
953 710 1082 741 receptui
1098 709 1162 735 cani
1184 708 1244 735 suis
1253 706 1358 735 consul

777 739 870 770 Jussit.
888 741 928 766 ita
937 747 972 767 eo
980 741 1030 768 dle
1040 742 1214 772 diremptum
1225 739 1357 771 pralium

779 770 828 799 est,
839 772 914 798 haud
924 773 1020 804 paucis
1029 773 1174 805 utrimque
1184 771 1359 798 interfectis.

781 804 846 841 Sole
856 809 924 830 orto
934 806 1046 836 postero
1056 806 1103 831 die
1113 822 1120 832 ‚
1132 804 1256 830 irritatis
1269 808 1360 838 cergia-

778 841 856 861 mtne
863 836 980 871 animis,
989 837 1074 863 etiam
1083 836 1175 862 acrius
1183 836 1357 862 concurrum

778 867 817 893 est
829 875 836 893 ε
850 867 897 893 led
911 870 1047 897 Romani,
1059 875 1118 894 non
1128 869 1163 893 ab
1176 868 1356 894 histantum.

779 905 843 925 cum
897 901 982 926 uibus
1005 901 1185 926 contractum
1210 903 1356 925 certamen

779 936 841 957 erat
849 946 856 959 .
883 932 918 958 ed
930 932 1023 958 multo
1034 934 1121 963 magis
1131 932 1166 958 ab
1177 937 1207 957 ea
1219 931 1357 957 multitu-

777 963 920 994 dine‚quae
932 963 1067 995 disposita
1078 966 1106 989 in
1117 963 1249 989 turribus
1257 963 1358 990 stabat·

777 995 858 1030 omni
883 1001 987 1027 genere
1011 995 1156 1022 miffllium
1177 995 1303 1021 telorum
1325 1000 1358 1020 ac

777 1027 861 1063 laxis¹
878 1027 1001 1052 maxime
1020 1027 1257 1060 vulnerabantur.
1293 1025 1353 1051 Ubi

776 1065 897 1089 propius
909 1060 999 1089 ripam
1009 1058 1133 1085 hostium
1144 1058 1357 1086 subisienmor-

778 1091 883 1116 mentis
900 1090 976 1116 missa
984 1091 1071 1117 etiarn
1082 1090 1118 1116 ad
1128 1091 1248 1116 ultimos
1257 1095 1355 1122 perve-

776 1122 906 1148 niebant.
917 1121 1022 1151 ‚Multo
1032 1122 1162 1154 pluribus
1171 1128 1205 1147 eo
1216 1121 1263 1147 die
1272 1119 1357 1146 amis-

777 1154 813 1180 fis
823 1171 831 1183 ‚
853 1152 952 1180 consul
963 1155 1049 1186 paulo
1059 1154 1148 1179 sesius
1158 1153 1264 1183 recepit
1275 1151 1354 1178 suos.

779 1186 883 1212 Tertio
892 1187 940 1212 die
951 1187 1050 1219 pra-lio
1060 1183 1355 1216 abliinuindegrefi'us

778 1219 813 1245 ad
833 1218 918 1244 imam
937 1223 1045 1249 partem
1065 1218 1222 1243 castrorum
1234 1223 1242 1247 3
1261 1216 1353 1243 veluti

777 1254 827 1282 per
861 1250 1000 1276 devexum
1035 1249 1065 1275 in
1093 1255 1171 1275 mare
1204 1248 1351 1275 brachium

777 1282 930 1309 transitum
947 1286 1124 1309 tentaturus.
1136 1280 1261 1310 Perseus,
1270 1281 1351 1314 quod

780 1316 812 1341 in
823 1314 916 1341 oculis
925 1319 987 1352 erat

807 1378 877 1409 Cap.
895 1378 919 1402 x
934 1378 958 1403 x
968 1379 994 1403 x
1005 1379 1031 1403 v
1041 1379 1066 1403 Ι.
1084 1376 1222 1409 annipost
1231 1376 1356 1403 circum-

775 1411 867 1437 astum
877 1410 1030 1436 solstitium
1040 1414 1101 1435 erat
1113 1417 1120 1435 t
1140 1410 1212 1435 hora
1224 1409 1283 1435 diei
1293 1409 1350 1440 jam

774 1443 811 1468 ad
831 1442 983 1468 meridiem
1000 1441 1133 1474 vergebat
1152 1450 1159 1467 :
1181 1441 1238 1466 'ter
1255 1441 1353 1467 multo

776 1474 891 1506 pulvere
913 1473 942 1500 St
962 1473 1151 1500 incalelcente
1181 1471 1348 1498 olefactum

773 1504 982 1532 erat.lassitudo
990 1506 1018 1532 δε
1028 1505 1090 1531 litis
1098 1507 1153 1535 lam
1162 1504 1350 1539 sentiebatur.

774 1537 803 1564 δε
822 1537 942 1564 meridie
951 1536 1074 1563 instante
1083 1537 1171 1567 magis
1177 1535 1350 1562 accessurum

774 1575 932 1602 utrumque
948 1569 1111 1602 apparebat.
1129 1568 1235 1594 Statuit
1253 1567 1291 1593 iic
1301 1566 1349 1592 af-

777 1601 865 1628 festos
891 1602 999 1627 recenti
1026 1606 1114 1631 atque
1137 1600 1250 1631 integro
1270 1598 1348 1626 hosti

776 1639 836 1659 non
858 1633 994 1664 objicere.
1013 1633 1066 1659 sed
1077 1637 1173 1659 tantus
1183 1632 1270 1657 ardor
1281 1632 1312 1656 in
1322 1637 1354 1656 a·

776 1665 863 1691 nimis
871 1665 906 1691 ad
917 1665 1110 1691 dimicandum
1121 1664 1267 1694 utrimque
1279 1667 1352 1698 erat,

773 1703 807 1723 ut
825 1696 940 1723 consuli
959 1703 1019 1723 non
1036 1698 1149 1723 minore
1168 1700 1229 1721 arte
1238 1695 1274 1721 ad
1287 1695 1357 1730 tuos

775 1729 933 1756 eludendos
950 1734 1034 1760 quam
1043 1729 1078 1755 ad
1088 1728 1182 1753 hostes
1191 1733 1264 1759 opus
1273 1727 1351 1753 estet.

776 1761 916 1787 Nondum
927 1760 1061 1786 omnibus
1071 1758 1355 1787 instructis,inssabat

774 1793 903 1819 tribunis
920 1793 1047 1818 militum
1065 1796 1099 1818 ut
1117 1795 1296 1817 maturarent
1308 1790 1356 1816 in-

775 1826 883 1851 struere
894 1834 900 1850 :
911 1824 1083 1850 circumibat
1091 1822 1150 1854 ipse
1160 1821 1356 1849 ordinesnani-

780 1862 839 1882 mos
860 1856 987 1883 militum
1007 1855 1151 1882 hortando
1169 1855 1199 1881 in
1222 1860 1348 1885 pugnam
1397 1871 1402 1874 .

772 1888 954 1915 accendebar.
969 1886 1014 1914 Ibi
1024 1888 1118 1919 primo
1127 1887 1232 1913 alacres
1240 1886 1353 1916 lignum

774 1919 938 1952 postebant.
955 1919 1078 1949 deinde,
1097 1924 1239 1950 quantum
1262 1918 1356 1944 incre-

776 1952 867 1978 sceret
883 1952 964 1978 aessus
974 1967 982 1980 ‚
1002 1951 1032 1978 δε
1043 1952 1142 1977 vultus
1149 1950 1245 1976 minus
1253 1950 1352 1981 vigen-

776 1990 818 2010 tes
829 2000 837 2013 ‚
853 1984 882 2011 Sc
893 1989 975 2010 voces
983 1982 1127 2015 segniores
1134 1986 1217 2008 erant
1229 1998 1237 2011 ,
1247 1981 1276 2008 St
1288 1981 1356 2012 qui·

778 2017 840 2042 dam
851 2015 1046 2042 incumbentes
1053 2014 1141 2041 scutis
1152 2014 1274 2045 nixique
1284 2012 1356 2045 pilis

776 2048 897 2074 stabant.
916 2048 993 2073 Tum
1010 2047 1068 2077 jam
1086 2050 1183 2078 aperte
1193 2045 1292 2078 primis
1308 2051 1358 2070 or-

777 2079 894 2106 dinibus
912 2080 1049 2111 imperat,
1070 2082 1248 2104 metarentur
1267 2075 1354 2102 fron·

776 2117 832 2138 tem
842 2111 996 2138 castrorum
1007 2127 1015 2139 ‚
1032 2109 1276 2139 &impedimenta
1287 2113 1358 2134 con-

776 2143 1030 2175 stituerent.Quod
1039 2141 1089 2168 ubi
1099 2141 1165 2168 fieri
1177 2140 1284 2166 milites
1292 2138 1358 2165 sen-

777 2175 837 2202 sere
845 2192 854 2204 ‚
873 2175 925 2201 alii
940 2174 1068 2207 gaudere
1078 2174 1172 2209 palam
1181 2172 1261 2204 quod
1270 2170 1355 2199 festos

776 2208 830 2234 vice
849 2207 948 2233 labore
965 2204 1184 2238 flagrantlssrmo
1202 2203 1269 2231 aeflu
1290 2209 1353 2230 non

776 2237 909 2271 coegisset
930 2243 1066 2270 pugnare.
1085 2237 1170 2268 legati
1181 2236 1256 2263 circa
1266 2235 1356 2274 impe-

775 2276 901 2297 ratorem
911 2268 1052 2301 ducesque
1060 2269 1173 2295 externi
1186 2272 1269 2295 erant
1281 2283 1290 2296 ‚
1311 2273 1356 2293 in-

776 2308 822 2329 ter
839 2308 912 2334 quos
930 2302 960 2329 8<
980 2302 1098 2328 Attalus
1113 2309 1119 2326 :
1137 2305 1237 2326 omnes
1248 2305 1355 2330 appro-

774 2335 874 2360 bantes
885 2340 893 2364 ;
904 2340 994 2366 quum
1004 2337 1197 2366 pugnaturum
1207 2329 1355 2358 consulem

773 2365 937 2395 credebant:
951 2372 1044 2399 neque
1053 2365 1131 2393 enim
1141 2371 1178 2392 ne
1186 2364 1231 2391 his
1240 2362 1356 2422 ⁰⁰⁸3ss
