1414 2655
409 105 440 138 L
468 115 629 139 rar-:R
671 107 840 141 xxlll.

35 149 69 178 In
88 147 226 176 cornibus
236 149 370 182 proelium
380 149 449 176 fuit.
469 150 538 176 hinc
548 151 612 176 1²oe-

34 187 98 210 nus,
108 181 177 207 hinc
188 181 259 208 Afer
268 186 352 214 urget
363 190 368 206 :
386 181 416 207 Sc
430 183 508 208 velut
519 185 548 208 ln
557 183 613 209 cir·

34 218 202 240 cumventos
221 214 324 252 proelio
343 214 611 252 ancipiiipugnant.

39 244 94 271 sed
115 251 203 277 quum
222 252 253 272 m
267 245 391 272 medium
402 250 464 271 tora
474 251 531 276 Jam
542 245 614 272 cols-

35 275 76 302 set
88 277 218 302 Romana
226 277 298 303 acies
307 292 316 304 ‚
334 276 399 303 satis
411 277 516 314 virium
523 277 615 315 ad-di-

34 307 175 334 movenda
185 308 306 335 hostium
316 315 424 334 cornua
433 309 542 334 habult.
561 315 616 334 rta-

36 345 94 371 que
112 339 172 365 duo
183 338 291 366 diversa
301 340 402 371 proelia
410 346 493 375 erant
506 348 511 365 :
528 344 615 365 utro—

37 377 95 403 que
115 371 239 397 Romani
251 387 259 398 ‚
278 376 313 397 ut
332 372 382 401 qui
405 372 490 402 ριιῑίις
500 371 613 396 tandem

39 401 140 428 mediis
149 418 157 430 ‚
167 402 196 428 δε
206 408 327 428 numero
336 403 365 428 St
375 404 477 428 robore
485 405 614 428 virorum

73 434 221 463 aestarent,
240 434 316 459 haud
333 434 422 460 dubie
430 433 612 466 superarunt.

36 439 143 497 ffiagna
162 465 204 491 vis
222 466 372 491 hominum
394 466 435 492 ibi
456 465 557 492 occisa.
582 465 612 492 8<

36 497 90 523 nili
112 497 232 528 Hispani
253 498 300 522 vix
317 497 386 523 durn
395 495 529 523 conserto
538 504 614 535 proe-

36 528 80 554 lio
100 533 157 554 tam
167 527 250 554 effuse
261 528 396 560 fugissent
405 545 414 558 ‚
435 535 566 561 perpauci
577 534 613 554 ex

38 563 101 585 tota
112 559 390 592 superfuiflentacie.
407 561 553 596 Equestris
563 567 613 590 pu-

59 597 93 617 na
112 592 192 618 nulla
202 592 356 618 admodum
367 593 436 618 fuit.
455 594 521 623 quia
530 593 614 617 itmul

51 623 203 650 nelinatam
213 623 333 649 mediam
341 624 428 649 aciem
445 624 538 649 Mauri
551 624 614 649 Nu-

37 654 177 686 midaeque
186 654 330 682 viderunt,
340 656 484 687 exremplo
495 655 561 687 fuga
571 655 614 680 ef·

34 684 100 712 fusa
110 687 186 712 nuda
197 693 318 713 cornua,
330 687 487 718 elephantis
498 694 615 718 quoque

39 724 96 750 prre
111 715 233 746 stastis,
245 718 403 744 deseruere.
423 720 461 743 Er
472 719 614 745 Aldrubal

36 747 126 779 usque
144 749 180 774 ad
199 750 336 776 ultimum
358 756 491 776 eventurn
513 757 613 782 pugnae

39 785 174 809 moratus,
185 776 199 805 ὁ
210 781 302 807 media
315 782 390 807 caede
399 789 460 806 cum
472 783 564 812 paucis
574 781 614 807 ef-

92 811 115 838 it
144 812 239 838 Castra
259 814 491 843 Romanicepere
502 829 509 842 ‚
525 820 614 845 atque

35 843 191 876 diripuere.
221 845 261 869 Ea
282 851 390 876 pugna.
413 845 434 869 li
454 851 509 876 qua
527 845 614 871 dubia

41 875 74 900 iu
92 874 228 907 Hispania
238 882 320 902 erant
330 892 338 903 ‚
362 878 500 904 Romanis
511 877 614 907 adjun—

40 907 104 933 xit:
123 905 332 938 Asdrubalique
344 914 400 933 non
414 909 542 934 modom
555 910 613 934 Ita-

37 937 103 964 liam
133 939 301 965 traducendi
319 940 461 965 exercitus
478 956 486 968 ,
513 940 561 966 sed
579 947 615 966 ne

39 969 173 996 manendi
182 971 295 1001 quidem
311 969 376 997 satis
390 976 456 997 tuto
467 971 498 996 in
510 972 612 1002 Hispa-

35 1002 100 1030 nia.
120 1001 193 1034 spem
203 1003 332 1034 reliquit.
353 1003 422 1035 Qae
432 1003 612 1034 posteaquam

34 1032 126 1059 literis
166 1035 333 1065 scipionum
367 1035 467 1060 Roma.²
498 1036 613 1067 vulgata

37 1063 124 1096 sunt3
142 1071 200 1090 non
222 1069 279 1091 tam
291 1065 410 1091 vistoria
421 1082 429 1093 ‚
450 1072 535 1098 quam
547 1073 612 1098 pro-

35 1094 309 1154 ¹lizibiffi-Asdrubalis
319 1098 351 1124 in
359 1097 474 1124 Italiam
486 1098 610 1125 traniitu

71 1131 99 1154 ta
133 1133 213 1154 ntur.

68 1159 139 1192 cap.
154 1160 260 1185 xxx.
278 1160 356 1186 Dum
365 1159 423 1185 haec
434 1161 464 1186 ln
474 1159 613 1192 Hispania

20 1193 183 1225 metuntur,
196 1191 315 1218 Petellia
324 1193 354 1218 in
364 1192 489 1218 Bruttiis
497 1193 612 1224 aliquot

23 1222 612 1287 ,εθὲμῑῖθςὲἒᾎῗέἃεῗεξὲὲξῖὲῗες

32 1285 136 1344 ¹ulbalis
150 1301 160 1314 ‚
181 1291 341 1318 expugnata
360 1286 399 1312 est
421 1293 429 1318 ;
459 1287 611 1320 multoque

33 1322 83 1375 ἐξ
107 1346 112 1348 “
143 1349 239 1376 stetit:
260 1356 311 1376 nec
336 1350 397 1377 ulla
408 1351 495 1382 magis
506 1351 548 1377 vis
557 1351 610 1377 ob-

31 1378 134 1410 seme,
153 1386 239 1413 quam
257 1381 344 1407 fames
361 1382 547 1419 expugnavit.
563 1383 612 1410 ab·

28 1410 150 1444 sumptis
157 1413 233 1438 enim
243 1413 358 1446 frugum
368 1413 513 1440 alimentis
522 1430 531 1443 ‚
548 1421 609 1442 car·

31 1442 134 1476 nisque
143 1444 237 1471 omnis
244 1446 357 1476 generis
369 1446 588 1482 quadrupedum
600 1453 609 1478 ;

29 1473 148 1502 sutrinae
159 1476 300 1508 postremo
310 1477 405 1507 coriis,
417 1476 568 1510 herbisque
580 1478 609 1506 8<

29 1507 173 1534 radicibus
181 1523 190 1537 ‚
200 1508 229 1535 δε
239 1509 395 1535 corticibus
406 1509 512 1535 teneris
522 1525 530 1537 ‚
546 1510 610 1536 stri*

29 1537 138 1571 &isque
148 1539 227 1566 rubis
236 1541 349 1571 vixere3
367 1547 421 1567 nec
431 1557 439 1570 ‚
456 1546 609 1573 antequam

33 1569 108 1599 vlres
124 1571 160 1598 ad
180 1571 310 1600 standum
331 1573 368 1599 in
380 1573 469 1599 muris
479 1572 608 1600 ferenda-

53 1607 91 1628 ue
107 1609 182 1628 arma
199 1600 337 1633 deerant,
358 1604 602 1637 expugnatifimt.

64 1639 158 1668 ecepta
166 1635 282 1662 Petellia
291 1652 300 1664 ‚
318 1636 424 1662 Poenus
433 1637 469 1662 ad
479 1635 608 1663 Consen-

34 1663 104 1692 tiam
122 1667 212 1698 copias
228 1668 353 1704 traducit
375 1676 382 1694 :
405 1675 490 1698 quam
510 1671 606 1696 rninus

34 1697 215 1728 pertinaciter
233 1699 396 1728 defensam,
413 1701 491 1726 intra
501 1708 605 1732 paucos

33 1727 95 1755 dies
112 1730 144 1756 in
160 1730 338 1757 deditionem
357 1732 474 1764 accepit.
501 1733 605 1759 Iisdem

32 1758 119 1787 ferme
127 1761 226 1788 diebus
236 1779 244 1792 ‚
264 1763 294 1790 st
305 1763 488 1790 Bruttiorum
498 1765 606 1791 exerci-

32 1794 94 1821 tus,
113 1793 279 1820 Crotonem.
292 1795 419 1820 Graecam
428 1797 537 1824 urbem,
547 1797 604 1823 cir-

30 1821 189 1855 cumsedit3
206 1826 372 1858 opulentam
392 1828 540 1859 quondam
560 1835 605 1854 ar-

32 1855 86 1881 mis
102 1855 246 1887 virisque:
266 1862 328 1883 tum
347 1858 402 1889 jam
422 1859 493 1885 adeo
504 1861 604 1887 multis

32 1886 195 1920 magnisque
213 1889 338 1915 cladibus
358 1889 489 1916 afflictam
500 1908 508 1920 ‚
526 1897 561 1918 ut
570 1899 604 1918 o—

29 1918 103 1947 mnis
123 1920 213 1946 aetatis
230 1921 326 1947 minus
343 1922 445 1954 viginti
465 1923 554 1949 millia
564 1925 603 1950 ci-

30 1948 108 1976 vium
124 1947 302 1983 superessent.
320 1953 415 1985 itaque
424 1953 495 1979 urbe
503 1955 602 1982 defen-

28 1978 139 2012 soribus
157 1983 231 2009 vasta
242 2000 251 2012 ,
271 1983 355 2011 facile
373 1985 537 2018 potitisunt
548 1988 600 2014 ho-

28 2011 99 2039 stes:
115 2019 167 2040 arx
185 2020 297 2042 tantum
315 2022 443 2045 retenta,
463 2018 493 2044 in
512 2025 597 2051 quarn

31 2042 107 2072 inter
122 2047 277 2073 tumultum
298 2054 384 2080 captae
394 2049 474 2076 urbis
483 2046 498 2075 ὲ
507 2051 600 2077 media

0 2104 2 2113 ·
28 2078 234 2136 αιτιινὲῗέᾱᾜ
244 2079 601 2146 εὲἓέῗῖῗόέιὶὲιῖἕῗξὲῗξ

49 2138 142 2166 redita
168 2142 357 2170 multitudine
375 2142 390 2170 a
410 2145 598 2176 principibus.

0 2174 2 2190 1
124 2171 154 2197 ni
170 2176 370 2202 tantummodo
389 2177 516 2210 regionis
526 2178 597 2208 ejus,

29 2200 60 2238 ὃς
68 2200 100 2227 ln
111 2201 168 2230 fide
179 2211 244 2237 erga
259 2207 403 2234 Romanos
413 2224 421 2236 ‚
439 2209 468 2234 Sc
478 2209 598 2240 potesta-

0 2266 1 2271 1
27 2234 67 2270 ²1.ss
82 2231 138 2260 sstae
154 2236 190 2263 ad
209 2237 341 2265 ultimum
360 2240 535 2266 manserunt.
560 2242 596 2267 In

0 2290 1 2298 ,
25 2263 148 2295 &duam
178 2273 291 2301 quoque
323 2271 419 2298 eadem
444 2271 597 2299 inclinatio

25 2295 183 2325 animorum
212 2303 340 2332 pervenit
357 2310 364 2327 :
391 2303 421 2330 ὃς
438 2310 475 2328 ne
495 2304 595 2332 domus

44 2326 141 2368 ¹¹1qu
156 2331 291 2360 Hieronis
310 2339 372 2362 tota
388 2335 423 2360 ab
431 2334 593 2363 defectione

17 2370 19 2372 ·
131 2366 167 2391 ιε·
198 2370 320 2399 namque
352 2367 427 2396 Gelo
454 2368 593 2398 maximus

154 1323 169 1342 e
186 1324 218 1343 ac
236 1318 401 1344 vulneribus
419 1324 451 1344 ea
462 1318 559 1345 Poenis
568 1321 610 1346 vi·

669 152 764 183 stirpis
782 167 791 180 ‚
812 155 976 186 contempta
993 152 1078 180 fimul
1095 152 1242 183 senectute

665 184 763 215 patris,
772 183 856 210 fimul
866 186 925 223 post
935 186 956 210 C
960 185 1112 212 annenstm
1120 187 1237 217 cladem.

667 216 800 242 Romana
817 215 962 243 societate,
984 217 1019 243 ad
1040 217 1144 244 Poenos
1162 219 1242 245 defe-

665 246 706 272 cit
719 253 726 272 t
746 248 930 279 movissetque
948 249 979 274 in
1000 248 1096 275 sicilia
1105 255 1149 276 res
1161 266 1170 279 -,
1184 250 1241 277 nifi

661 283 740 304 mors
750 279 822 304 adeo
832 284 1042 310 oppormna‚ut
1050 284 1159 312 patrem
1169 288 1245 314 quo-

663 314 718 340 que
738 308 900 343 suspicione
915 311 1094 344 adspergeret
1104 328 1114 341 ,
1130 319 1245 339 arman-

665 345 720 366 tem
742 348 807 368 eum
825 343 1063 372 multitudinem.
1080 343 1245 371 solllcitati-

663 378 777 404 temque
793 373 884 400 socios
901 373 1101 406 absumpsisset.
1128 377 1197 402 Haec
1208 383 1245 404 eo

647 416 653 428 κ
662 411 741 430 anno
752 406 783 430 in
795 406 900 434 ltalia,
919 407 950 432 in
965 405 1076 436 Africa,
1088 407 1121 434 in
1132 408 1244 438 Sicilia,

661 435 693 461 in
714 437 853 475 Hispania
872 439 950 463 vario
967 443 1071 465 eventu
1082 439 1152 465 asta.
1171 440 1245 466 Exi-

663 472 696 493 tu
716 474 786 494 anni

663 499 815 530 postulavit
824 516 832 529 ,
855 505 889 526 ut
909 501 998 528 aedem
1007 502 1132 529 Veneris
1141 503 1246 535 Eryci-

662 536 706 555 nae
718 546 726 559 ‚
744 538 828 563 quam
837 532 961 559 dictator
973 534 1099 562 vovisset,
1109 534 1243 562 dedicare

658 563 771 589 liceret.
788 565 906 590 Senatus
914 565 1050 594 decrevit,
1059 571 1093 592 ut
1105 567 1154 593 Ti.
1166 568 1244 592 Sem-

666 596 787 625 pronius
807 595 918 623 Consul
936 597 1100 629 delignatus
1118 614 1126 626 ‚
1152 605 1242 630 quum

661 626 784 683 frimum
797 628 990 661 magistratum
999 628 1141 659 iniflet‚ad
1150 636 1244 661 popu-

674 664 722 684 um
739 658 845 688 ferret,
863 665 898 686 ut
917 661 953 694 Q
964 661 1086 688 Fabium
1107 662 1245 688 duumvi-

663 691 1242 757 {amesa³ae1heaazxadiiessaff²nffi

663 752 705 778 bis
716 754 815 780 consul
826 761 974 786 augurque
987 756 1094 784 fuerat,
1105 741 1243 785 filii’treffi

662 784 787 814 Lucius,
807 787 936 815 Marcus,
977 788 1085 814 uintus.
1095 787 1181 814 ludos
1189 787 1240 814 fu-

663 817 764 842 nebres
783 824 832 848 per
842 819 971 844 triduum
982 835 990 846 ‚
1008 819 1038 846 St
1048 819 1243 851 gladiatorum

663 848 741 877 paria
760 849 819 874 duo
836 849 866 875 ὃς
886 851 990 879 viginti
1007 857 1056 883 per
1067 851 1197 877 triduum
1208 852 1241 878 in

660 879 727 904 foro
739 880 891 907 dederunt.
902 880 1014 908 AEdiles
1020 884 1133 910 curules
1144 884 1245 910 C.Lae·

662 912 755 937 torius
765 928 773 940 ,
791 912 821 939 3<
832 914 881 938 Ti.
893 915 1075 946 Sempronius
1084 916 1243 945 Gracchus,

661 943 771 969 consul
792 943 970 976 dethmarus,
987 947 1038 977 qui
1055 947 1087 972 in
1107 947 1245 974 aedilitate

661 976 792 1006 magister
812 977 941 1008 equiturn
951 977 1047 1004 fuerat
1057 994 1065 1006 ‚
1081 979 1169 1005 ludos
1179 980 1243 1005 Ro-

661 1013 760 1033 manos
773 1007 915 1037 fecerunt,
928 1010 978 1040 qui
991 1015 1040 1040 per
1052 1010 1182 1036 triduum
1193 1011 1239 1037 in-

661 1038 778 1066 staurati
804 1037 882 1066 sunt.
902 1040 1010 1073 Plebeii
1032 1041 1097 1068 ludi
1108 1043 1239 1069 aedilium

660 1070 705 1095 M.
726 1071 841 1096 Aurelii
864 1073 959 1098 Cottae
979 1089 988 1101 ‚
1011 1072 1041 1100 δε
1060 1074 1105 1099 Μ.
1118 1074 1238 1101 Claudii

662 1102 794 1128 Marcelli
815 1108 858 1129 ter
878 1105 1041 1130 instaurati.
1057 1105 1241 1132 Circumasto

659 1134 750 1159 tertio
759 1140 836 1160 anno
848 1135 951 1162 Punici
961 1135 1040 1164 belli,
1050 1137 1099 1162 Ti.
1110 1139 1242 1168 sempro-

659 1165 726 1192 nius
742 1164 855 1193 consul
863 1167 961 1194 Idibus
972 1168 1089 1195 Martiis
1096 1169 1245 1201 magistra·

661 1202 723 1222 tum
733 1197 814 1224 iniit.
832 1199 971 1226 Praetores
980 1200 1017 1232 Q
1028 1200 1150 1227 Fulvius
1157 1201 1241 1228 Flac-

659 1235 707 1254 cus
716 1245 725 1258 ,
746 1230 797 1261 qui
807 1235 891 1257 antea
901 1229 1003 1258 consul
1012 1231 1170 1264 censorque
1177 1232 1243 1260 fue-

659 1264 716 1290 rat,
735 1262 873 1288 urbanam
893 1269 901 1294 ;
929 1263 974 1288 Μ.
995 1263 1130 1290 Valerius
1148 1265 1243 1292 Laevi·

662 1297 717 1318 nus
746 1294 925 1326 peregrinam
944 1293 1050 1321 sortem
1070 1295 1101 1321 in
1121 1295 1241 1326 iurIsdi-

659 1323 877 1353 ctione-lubuit.
895 1327 953 1359 Ap.
964 1327 1106 1353 Claudius
1114 1328 1246 1356 Pulcher>

659 1355 782 1382 siciliam
795 1372 804 1385 ,
820 1357 859 1390 Q.
871 1357 988 1385 Muclus
1006 1359 1131 1385 scaevola
1141 1360 1245 1387 sardi·-

658 1387 736 1414 niam
754 1386 852 1416 sortiti
869 1387 949 1416 sunt.
965 1391 1009 1416 Μ.
1019 1391 1159 1417 Marcello
1170 1391 1241 1419 Pro-

658 1425 691 1444 co
697 1417 778 1445 nsule
786 1420 938 1453 imperium
948 1421 1002 1448 effe
1009 1422 1133 1456 populus
1141 1422 1238 1455 justit,

658 1451 738 1481 quod
758 1452 819 1483 post
837 1452 1016 1480 cannensem
1033 1454 1142 1481 cladem
1163 1461 1242 1483 unus

659 1483 859 1511 Romanorum
879 1485 1085 1514 imperatorum
1105 1488 1138 1514 in
1155 1486 1242 1516 Italia

657 1514 791 1546 prospere
799 1522 859 1542 rem
871 1516 998 1549 geffisset.

688 1547 758 1581 cap.
776 1548 802 1572 x
812 1549 839 1573 x
847 1549 874 1573 x
885 1550 910 1574 Ι.
929 1550 1049 1577 senatus
1057 1555 1117 1580 ouo
1126 1550 1174 1577 die
1182 1550 1242 1583 pfl-2

657 1584 735 1604 mum
754 1579 834 1606 estin
847 1580 995 1613 Capitolio
1003 1581 1153 1608 consultus
1163 1599 1172 1612 ‚
1189 1584 1239 1610 de·

656 1611 756 1638 crevit,
767 1616 810 1639 ut,
824 1617 884 1644 quo
893 1619 928 1639 eo
938 1620 1018 1639 anno
1028 1615 1135 1646 duplex
1146 1614 1238 1642 tribu-

657 1646 719 1680 turn
729 1643 918 1674 imperaretur
929 1651 938 1676 ς
955 1644 1075 1684 simplex
1084 1646 1237 1685 confestim

655 1677 1156 1738 iz‘liegfifflfruffi{llidffi‘lfflssl
1165 1685 1238 1741 ’ἐξ

656 1741 787 1769 terquarn
808 1740 860 1771 qui
880 1740 987 1767 milites
996 1741 1032 1768 ad
1043 1743 1156 1768 cannas
1165 1742 1238 1769 fuis-

652 1768 728 1796 sent.
746 1771 789 1795 De
808 1772 979 1798 exercitibus
987 1773 1029 1800 ita
1037 1773 1237 1803 decreverunt,

656 1806 689 1826 ut
714 1802 825 1828 duabus
851 1803 1014 1835 legionibus
1040 1805 1157 1832 urbanis
1183 1806 1234 1833 Ti.

655 1833 841 1864 sempronius
860 1834 970 1862 consul
993 1837 1075 1863 cales
1083 1838 1120 1863 ad
1131 1844 1237 1864 conve-

654 1865 792 1891 niendum
815 1866 891 1892 diem
901 1867 1035 1894 ediceret.
1054 1869 1125 1895 Inde
1133 1868 1237 1896 sexle·

653 1896 753 1927 aiones
781 1897 812 1922 in
841 1898 929 1924 castra
965 1900 1125 1927 Claudiana
1149 1901 1237 1932 supra

655 1928 808 1955 suessulam
828 1929 1051 1958 deducerentur.
1068 1939 1131 1964 quoe
1142 1934 1182 1960 ibi
1193 1933 1236 1959 le·

653 1960 752 1991 giones
762 1960 858 1990 effent,
869 1962 961 2000 (erant
971 1968 1065 1989 autem
1077 1965 1237 1992 Cannensis

654 1992 777 2017 maxime
785 1995 939 2024 exercitus)
951 2000 995 2021 eas
1003 1996 1082 2027 App.
1092 1996 1235 2024 Claudius

655 2022 778 2049 Pulcher
797 2023 907 2052 Praetor
924 2026 955 2052 in
976 2026 1101 2054 Siciliam
1121 2028 1238 2059 trajice-

651 2060 696 2080 ret
707 2061 716 2085 ς
734 2062 854 2087 quaeque
863 2057 896 2084 in
905 2057 1003 2084 Sicilia
1010 2058 1236 2088 essent,Romam

654 2087 885 2118 deportarentur.
904 2089 950 2115 Ad
961 2091 1126 2118 exercitum,
1137 2091 1185 2117 cui
1197 2093 1234 2120 ad

651 2119 879 2146 conveniendum
900 2121 981 2146 cales
989 2122 1080 2148 edicta
1090 2123 1150 2149 dies
1162 2128 1235 2152 erat,

653 2150 697 2185 Μ.
710 2150 851 2177 claudius
861 2152 1015 2178 Marcellus
1025 2153 1120 2180 miffus
1131 2163 1137 2178 :
1153 2153 1235 2187 isque

652 2180 740 2211 jussus
760 2183 790 2208 in
811 2183 897 2210 castra
917 2184 1076 2211 Claudiana
1087 2186 1232 2214 deducere

651 2213 774 2240 urbanas
792 2214 929 2252 legiones.
956 2217 1004 2243 Ad
1014 2222 1137 2243 veterem
1146 2223 1230 2244 exer-

650 2245 739 2272 citum
750 2247 956 2278 accipiendum,
968 2248 1232 2282 deducendumque

650 2277 715 2304 inde
737 2278 767 2304 in
778 2278 901 2305 Siciliam
913 2296 921 2308 ,
942 2280 980 2304 T.
992 2280 1126 2307 Metilius
1136 2282 1231 2308 croto
1266 2295 1281 2305 κ

650 2308 759 2340 legatus
785 2310 819 2335 ab
838 2313 893 2343 Ap.
915 2311 1042 2339 Claudio
1059 2311 1098 2338 est
1116 2311 1228 2340 missus.

649 2341 746 2367 Taciti
771 2342 866 2373 primo
885 2341 940 2369 exs
953 2343 1113 2370 estaverant
1132 2345 1228 2373 homi-

649 2372 908 2405 nes2uticonsuleo
950 2375 1227 2439 εἰαοιυοκεςκέηᾶ

797 469 834 501 Q.
845 468 950 495 Fabius
960 469 1104 497 Maximus
1115 469 1131 496 a
1140 471 1243 498 senatu
1279 469 1286 475 “
