1414 2655
117 185 226 210 fectum
247 181 341 208 foret:
361 183 439 207 nune
457 177 598 206 aviditate
617 176 701 204 caedis

118 213 361 248 intemperantius
369 210 492 239 insecuti
503 227 512 240 ,
528 211 558 236 in
570 206 699 242 progres—

115 247 161 274 sas
178 254 243 274 curn
264 246 391 275 tribunis
408 243 536 270 militurn
564 241 700 268 cohortes

119 279 266 306 Romanas
273 277 418 305 incidere:
436 276 465 304 Sc
477 273 596 307 fugiens
603 278 700 305 eques,

120 316 155 338 ut
176 312 271 343 primo
290 311 370 342 tigna
389 307 507 335 suorum
518 306 612 335 vidit,
630 311 699 331 con·

118 344 209 370 verrit
246 343 277 369 in
304 340 425 368 effusum
449 339 558 370 bostem
584 342 697 366 equos:

117 374 256 408 versaque
283 378 431 400 momento
451 370 588 402 temporis
604 368 702 406 fortuf

120 415 158 434 na
198 413 280 438 ugnze
301 406 341 432 est
361 412 370 437 ς
395 410 474 437 terga
493 401 630 430 dantibus
651 406 702 431 qul

120 415 212 465 mogo
229 438 320 465 secuti
337 442 430 464 erant.
461 434 553 462 Multi
571 432 703 460 cominus

124 470 266 503 congressi
282 486 291 497 .
313 469 399 496 multi
419 467 566 503 fugientes·
581 463 702 492 interfe-

124 503 176 529 ffl.
203 509 255 528 nec
276 501 355 528 ferro
375 505 489 526 tantum
507 503 617 529 periere
629 513 637 525 ,
654 495 704 522 sed

122 535 156 562 in
178 535 296 566 paludes
315 533 433 566 quidam
453 529 578 562 conlecti
599 545 608 558 ‚
637 534 705 560 pro-

123 566 221 594 fundo
249 566 320 592 limo
341 571 405 592 cum
426 562 492 595 ipsis
511 561 594 594 equis
611 559 705 586 hausti

126 598 208 625 sunt.
219 599 292 624 >Rex
314 603 430 629 quoque
440 598 468 622 in
480 593 609 628 periculo
622 591 683 618 fuit
698 598 707 620 ς

125 637 193 657 nam
212 634 315 657 ruente
334 629 427 655 saucio
445 634 520 659 equo
539 630 660 657 praeceps
672 624 708 650 ad

125 668 235 689 terram
255 663 339 688 datus
350 678 357 689 ,
375 660 452 686 haud
465 659 590 685 multum
600 655 707 683 abfuit,

126 695 202 724 Quin
240 694 334 726 jacens
360 693 580 725 opprimeretur.
616 687 709 714 Saluti

124 726 187 753 fuit
207 732 310 757 equeS.
328 725 377 757 qui
400 721 572 757 raptimipse
582 719 709 747 desiluit,

126 758 322 790 pavidumque
351 763 444 789 regem
467 756 496 781 in
520 759 625 785 equum
647 752 710 777 sub-

131 791 213 822 jecit.
233 789 295 823 Ipse
316 795 406 821 quum
426 787 511 820 pedes
520 790 632 817 aequare
643 791 710 810 cur-

133 822 167 848 su
185 822 329 853 fugientes
347 827 407 846 non
428 819 515 852 posset
527 817 639 850 equites
652 832 660 843 ‚
675 815 711 841 ab

131 854 260 881 hostibus
284 854 319 880 ad
345 851 437 879 casum
466 850 539 882 regis
559 847 714 875 concitatis

132 886 279 912 confossus
299 885 395 917 periit.
425 885 488 909 Rex
510 880 714 908 circumvestus

131 918 252 950 paludes
272 917 380 949 pervias
388 913 535 945 inviasque
546 912 657 942 trepida
669 911 713 938 fu·

133 956 170 983 ga
181 965 189 978 ‚
207 950 236 975 in
247 949 333 975 castra
344 948 458 974 tandem
467 962 475 975 ,
496 949 554 977 jam
564 942 715 980 desperan—

132 983 210 1008 tibus
221 980 363 1014 plerisque
371 979 547 1006 incolumem
556 982 714 1003 emturum,

136 1014 280 1045 pervenit.
297 1012 423 1039 Ducenti
434 1009 625 1036 Macedonum
635 1008 716 1037 equi-

136 1051 181 1072 tes
193 1052 227 1071 eo
239 1045 343 1078 proelio
353 1044 462 1076 periere
471 1058 479 1069 ‚
500 1046 614 1067 centum
626 1040 715 1065 ferme

136 1079 212 1110 capti
230 1094 238 1107 ,
266 1077 411 1109 octoginta
434 1073 590 1101 admodum
619 1072 715 1098 ornati

137 1110 206 1168 ⁰33³
217 1109 340 1166 ,Ἷξροιίὶε
356 1107 441 1133 timul
450 1111 595 1132 armorum
607 1104 717 1132 relatis,

139 1148 175 1168 30
198 1148 230 1167 Hk
246 1149 266 1167 1-

173 1175 244 1205 cap.
261 1174 286 1197 X
297 1173 321 1197 x
334 1174 357 1197 x
368 1173 394 1197 V
406 1172 442 1197 11
453 1172 477 1196 1.
496 1169 629 1196 Fuerunt
640 1184 649 1197 ‚
666 1166 717 1197 qui

138 1205 198 1231 hoc
217 1205 265 1230 die
285 1210 378 1236 regem
399 1201 569 1229 temeritatis
587 1216 596 1228 ‚
613 1198 716 1226 consu-

140 1237 196 1262 lem
205 1235 332 1268 segnitiae
342 1234 519 1262 accularent.
536 1238 602 1258 nam
611 1232 640 1258 St
652 1230 718 1256 Phi-

137 1269 222 1305 lippo·
249 1267 451 1299 quiescendum
479 1264 562 1292 fnifl'e
588 1280 596 1292 ,
629 1269 718 1300 quum

140 1307 238 1333 paucis
258 1301 356 1326 diebus
378 1299 469 1325 hostes
487 1296 624 1323 exhausto
644 1300 720 1320 circa

143 1332 226 1358 omni
242 1339 312 1361 agro
329 1332 364 1358 ad
385 1332 523 1357 ultimum
535 1327 640 1360 inopiae
653 1333 721 1352 ven-

142 1371 226 1390 turos
243 1363 328 1390 stiret
343 1372 350 1389 .·
368 1364 397 1390 8<
417 1360 564 1389 consulem
583 1365 673 1391 quum
693 1363 721 1383 e-

142 1397 289 1428 quitatum
315 1395 438 1421 hostium
464 1394 611 1424 levemque
631 1396 721 1416 arma-

142 1434 241 1454 ruram
272 1427 390 1454 fudiffet
416 1444 424 1457 ,
456 1432 487 1453 a:
511 1430 600 1456 prope
628 1427 721 1454 regern

143 1459 238 1488 ipsum
256 1459 369 1491 cepisset
389 1475 398 1487 ,
424 1457 558 1490 protinus
578 1456 614 1482 ad
634 1453 721 1491 cast-ra

147 1492 273 1518 hostium
293 1492 395 1518 ducere
414 1487 549 1516 debuiffe.
576 1493 628 1513 nec
646 1491 723 1511 enirn

145 1523 294 1550 mansuros
319 1524 361 1549 ita
377 1520 523 1556 perculsos
541 1519 633 1546 hostes
651 1516 725 1544 fuis-

142 1555 193 1586 se;
211 1555 405 1586 debellarique
421 1556 570 1580 momento
591 1549 728 1583 temporis

145 1587 277 1621 potuisse.
300 1587 333 1613 ld
345 1587 423 1612 distr,
437 1603 444 1615 ‚
459 1591 544 1617 quarn
555 1589 604 1611 re.
623 1587 656 1608 ut
666 1581 726 1614 ple-

147 1626 257 1651 raque,
274 1618 399 1646 facilius.
420 1624 486 1643 narn
506 1614 670 1642 nomnibus
698 1619 726 1638 e-

148 1652 245 1677 ditum
262 1656 378 1684 quoque
400 1650 492 1682 copiis
501 1653 550 1673 rex
563 1652 653 1678 congr
693 1651 727 1671 us

152 1683 249 1710 fuisset
266 1699 274 1711 ‚
298 1682 417 1709 forsitan
445 1681 522 1707 inter
549 1678 727 1712 tumultum³

148 1722 240 1747 quum
259 1721 359 1740 ornnes
374 1713 442 1740 visti
461 1717 598 1744 metuque
608 1709 730 1742 percum

151 1752 188 1773 ex
211 1747 318 1782 proelio
337 1748 414 1773 intra
432 1745 538 1771 vallum
559 1759 568 1772 ,
594 1742 731 1774 protinus

148 1779 220 1806 inde
238 1779 472 1810 lupervadentem
489 1775 668 1802 munimenta
690 1774 731 1799 vi-

150 1812 257 1837 {torem
288 1810 395 1836 hostem
413 1809 548 1837 fugerent
565 1824 573 1836 ‚
600 1806 667 1832 exui
687 1811 734 1831 ca-

148 1843 215 1869 nris
237 1843 367 1875 potuerit
384 1839 549 1872 rex.”quum
569 1845 637 1864 vero
657 1838 732 1864 inte·

148 1882 206 1907 arce
233 1875 321 1906 copiat
338 1874 466 1903 pediturn
487 1872 519 1898 in
538 1870 633 1896 castris
652 1875 733 1895 man·

152 1906 248 1934 {iffi-nt
260 1923 266 1932 .
285 1905 421 1932 stationes
438 1910 505 1929 ante
526 1908 641 1935 portas,
659 1908 727 1933 prae-

151 1939 281 1969 xidiaque
298 1935 529 1968 dispolitaeffent
541 1951 549 1962 ,
567 1934 656 1965 quid.
675 1933 731 1958 nist

150 1975 185 1996 ut
206 1969 395 1996 temeritatem
408 1969 480 2000 regis
491 1964 577 1993 effuse
587 1965 673 1998 paulo
681 1970 730 1989 an-

150 2008 182 2027 te
200 2000 290 2028 secuti
311 1999 453 2031 perculsos
474 1999 585 2030 equites
606 1998 732 2023 imitare-

150 2040 204 2060 tur
216 2051 225 2063 ,
243 2031 405 2061 profecisset
417 2032 427 2057 ?
445 2037 537 2062 neque
556 2029 634 2055 enim
643 2035 679 2055 ne
690 2035 734 2054 re-

151 2066 196 2097 gis
214 2065 329 2096 quidem
351 2064 473 2096 primurn
484 2061 637 2088 confilium
650 2076 658 2087 ‚
675 2067 734 2092 quo

152 2099 293 2129 impetum
322 2095 352 2122 in
379 2095 605 2120 frumentatores
623 2093 733 2124 palatos

150 2135 200 2160 per
212 2135 293 2184 {gros
305 2127 373 2154 fecit
385 2144 392 2155 ‚
411 2125 679 2157 reprehendendum
690 2124 733 2150 so-

152 2165 206 2187 ret,
218 2167 240 2194 ,ι
253 2160 370 2186 modum
380 2158 519 2190 prosperae
531 2163 631 2189 pugna
643 2157 736 2187 impo-

152 2191 258 2218 suisset.
277 2192 321 2216 Eo
333 2197 448 2224 quoque
458 2190 553 2216 minus
561 2189 599 2215 est
609 2189 713 2214 mirum
724 2204 733 2217 ,

152 2223 272 2250 tenraffe
291 2230 355 2249 eum
377 2221 543 2249 fortunam,
560 2220 637 2252 quod
659 2220 734 2246 fama

154 2259 218 2281 crat
231 2271 239 2281 ‚
258 2255 423 2281 Pleuratum
438 2270 445 2282 ,
462 2251 669 2283 Dardanosque
688 2251 732 2277 in-

153 2287 290 2318 {entibus
298 2287 388 2318 copiis
398 2285 542 2317 profestos
553 2285 640 2310 domo
651 2300 658 2312 ,
676 2285 731 2312 lam

153 2321 185 2347 iu
207 2318 405 2344 Macedoniam
423 2316 634 2344 transcendiffe.
661 2315 733 2346 Qri-

152 2352 208 2378 bus
230 2350 252 2375 fi
269 2350 399 2380 undique
418 2350 628 2375 circumventus
640 2347 733 2377 copiis

156 2381 252 2409 farer,
272 2382 413 2408 sedentem
434 2382 595 2406 Romanum
614 2378 734 2405 debella-

155 2419 255 2441 *urum
267 2430 274 2444 ,
291 2413 371 2442 credi
377 2417 502 2448 poterat·
521 2413 624 2445 ltaque
636 2409 735 2440 secuu-

571 131 619 166 T,
664 130 871 164 lext

750 174 818 201 dum
835 173 908 200 duas
923 169 1054 200 adversas
1061 169 1205 205 equestres
1213 175 1332 205 pugnus.

752 206 849 232 multo
869 205 966 233 minus
988 211 1079 232 tutam
1101 209 1209 232 moram
1230 204 1261 230 in
1286 203 1335 230 lis-

753 239 817 265 dem
844 237 953 264 stativis
975 237 1039 264 fore
1058 235 1209 267 Philippus
1225 241 1307 261 rarus
1324 251 1333 264 ‚

753 277 843 301 quum
868 269 948 296 abire
975 270 1044 296 inde
1071 268 1100 295 &
1119 267 1220 294 fauere
1238 267 1339 294 abiens

754 302 862 328 hostem
873 301 960 328 vellet
976 318 985 332 ‚
1012 300 1199 328 caduceatore
1216 297 1268 326 sub
1288 304 1338 324 oc·

753 334 846 361 casum
882 333 949 360 solis
980 333 1017 360 ad
1051 331 1199 358 consulem
1224 329 1305 357 misso
1323 345 1339 358 ιΥ

755 367 807 398 qui
833 366 965 393 inducias
989 365 1026 391 ad
1048 363 1226 396 sepeliendos
1252 361 1334 394 equi-

754 403 797 425 tes
822 401 956 429 peteret‘3
982 396 1137 423 Frustratus
1160 394 1268 421 hostem
1295 393 1335 419 st·

753 431 848 457 cunda
873 431 971 464 vigilia
990 446 998 458 ‚
1026 429 1125 455 multis
1153 427 1267 460 ignibus
1285 431 1337 464 per

754 467 819 519 [τέ-ῳ
833 463 923 489 castra
941 460 1048 489 rericus
1068 477 1076 490 ,
1104 460 1202 486 {ilenti
1222 463 1336 492 agmine

753 501 769 520 a
788 499 834 520 ut.

787 528 857 558 cap.
876 527 901 552 x
914 527 937 551 x
950 526 998 551 xl
1010 526 1045 550 X.
1076 525 1188 556 Corpus
1208 521 1265 553 jam
1285 527 1334 547 cu-

754 558 833 584 rabat
852 556 952 584 confixi
964 574 971 585 ,
990 563 1079 590 quum
1090 553 1192 582 venifl’e
1201 553 1338 580 caducea-

756 596 865 617 torem,
881 589 910 617 St
930 590 1000 619 quid
1011 587 1129 615 venisset
1140 602 1149 615 ,
1166 586 1341 613 nunciatum.

755 623 804 648 est.
834 621 969 654 responso
989 626 1104 647 tantum
1124 620 1194 646 dato
1216 633 1225 646 ‚
1255 623 1340 643 mane

757 653 870 686 postero
888 653 935 680 die
953 653 1018 680 fore
1035 653 1143 685 copiam
1163 650 1343 676 convenien-

758 686 790 712 di
805 701 813 713 ,
836 685 866 712 id
884 686 963 716 quod
980 685 1128 717 quaeiitum
1148 686 1209 709 erat
1230 697 1238 710 2
1256 686 1338 718 nox..

757 717 875 749 dieique
893 717 1071 748 insequentis
1091 721 1152 748 pars
1163 729 1171 743 ‚
1187 714 1222 740 ad
1244 719 1342 746 praci-

759 750 896 781 piendnm
910 751 965 776 iter
976 748 1110 780 Phiiippo
1120 748 1187 773 dara
1195 745 1244 772 est.
1254 750 1339 770 mon·

760 787 812 809 tes,
823 787 906 812 quam
918 781 991 807 viam
1006 786 1064 806 non
1077 777 1267 810 ingressurum
1276 781 1342 807 gra·

760 814 787 839 vi
807 813 919 845 agmine
939 814 1100 839 Romanum
1119 809 1238 836 sciebat.
1256 807 1341 839 perit.

762 845 872 872 comui
890 845 982 877 prima
994 845 1057 870 luce
1068 843 1254 868 caduceatore
1263 838 1344 866 datis

761 877 888 904 induciis
896 875 1009 903 diunifl‘o
1020 893 1025 902 .
1036 875 1113 901 haud
1123 874 1163 899 ita
1175 872 1268 898 multo
1279 871 1341 902 post

760 909 844 935 abisie
865 909 972 934 hostem
992 913 1082 940 quum
1100 905 1244 932 sentinet,
1261 903 1344 935 igna-

761 948 810 967 rus
829 947 886 972 qua
904 939 1070 972 sequeretur
1087 954 1095 966 ‚
1115 937 1215 963 iisdem
1233 935 1344 962 stativis

763 973 973 1008 frumentando
998 971 1061 998 dies
1080 970 1194 1001 aliquot
1211 967 1348 994 consum-

762 1005 827 1036 pilt.
848 1005 994 1031 Stuberam
1003 1003 1108 1030 deinde
1119 1002 1202 1034 petit,
1212 1006 1298 1031 atque
1309 1004 1345 1025 ex

765 1037 920 1069 Pelagonia
933 1036 1108 1062 frumentum
1122 1049 1129 1061 2
1140 1033 1218 1064 quod
1231 1033 1261 1058 in
1271 1031 1349 1062 agris

763 1074 823 1095 erat
834 1085 842 1097 ,
861 1069 1007 1095 convexit-
1025 1067 1093 1093 inde
1110 1065 1146 1091 ad
1158 1064 1296 1090 Pellinam
1307 1062 1348 1089 est

764 1100 922 1133 progressus
934 1106 942 1127 z
961 1099 1091 1125 nondum
1101 1101 1348 1130 compert02quam

767 1134 919 1164 regionem
930 1132 1023 1157 hostes
1034 1130 1177 1162 petlssent.
1196 1127 1348 1160 Philippus

766 1171 858 1195 quum
885 1164 979 1195 primo
1006 1163 1041 1188 ad
1069 1161 1227 1193 Bryanium
1246 1159 1347 1186 stativa

766 1195 923 1224 habuissem
943 1194 1089 1226 profestus
1115 1193 1184 1219 inde
1206 1190 1348 1218 transver-

766 1228 802 1254 sis
821 1228 965 1254 limitibus
977 1243 985 1254 ‚
997 1232 1136 1253 terrorem
1149 1224 1270 1258 praebuit
1282 1221 1348 1249 sub-

767 1261 841 1286 itum
860 1260 944 1285 hosti.
963 1260 1082 1284 Movere
1100 1259 1198 1288 itaque
1215 1262 1250 1281 ex
1262 1255 1350 1281 Pelli-

768 1299 805 1318 na
818 1292 961 1319 Romani,
978 1290 1007 1317 8<
1018 1291 1053 1317 ad
1065 1289 1225 1322 Osphagum
1237 1288 1348 1314 flumen

769 1323 927 1355 posuerunt
946 1323 1043 1348 castra.
1075 1323 1138 1348 Rex
1158 1320 1234 1346 haud
1245 1319 1349 1352 procu!

770 1356 838 1382 inde
847 1357 876 1383 St
893 1353 961 1387 ipse,
974 1355 1050 1381 vallo
1064 1353 1146 1392 super
1158 1353 1245 1386 ripam
1256 1351 1350 1377 amnis

769 1388 857 1414 dusto
884 1388 894 1418 (
917 1386 1078 1417 Erigonum
1098 1384 1199 1412 incolae
1221 1382 1349 1413 vocant)

770 1452 859 1477 daeam
879 1451 1023 1483 petituros
1035 1451 1182 1476 Romanos
1191 1463 1200 1477 ‚
1217 1447 1252 1474 ad
1264 1453 1349 1473 occu-

769 1484 875 1516 pandas
896 1481 1055 1512 angustias,
1073 1487 1108 1507 ne
1118 1480 1251 1512 superare
1261 1479 1356 1505 hostes

770 1515 855 1541 arstis
875 1514 1006 1541 faucibus
1016 1512 1158 1539 inclusum
1167 1512 1278 1538 aditum
1289 1511 1355 1543 pos·

771 1546 835 1573 sent
854 1564 863 1576 ,
882 1546 1028 1579 praeceflir.
1049 1546 1089 1572 ibi
1109 1544 1166 1571 alia
1183 1543 1282 1572 vallo,
1298 1542 1356 1569 alia

775 1617 857 1636 muro
866 1610 951 1636 essent
962 1627 971 1638 ,
990 1610 1046 1636 alia
1057 1609 1153 1635 arbori
1173 1613 1207 1633 us
1217 1606 1350 1638 objeffls.

775 1644 817 1669 ira
833 1647 867 1668 ut
888 1643 967 1668 locus
978 1641 1153 1674 postulabat,
1170 1644 1220 1666 aut
1232 1639 1354 1666 materia

774 1674 975 1706 suppeditabat
988 1691 996 1701 ‚
1014 1680 1100 1705 opere
1118 1671 1277 1704 permuniit
1288 1687 1297 1699 ,
1314 1674 1360 1697 at·

774 1713 831 1739 que
857 1708 912 1738 (ut
934 1705 993 1735 ipse
1011 1706 1128 1731 rebatur
1166 1704 1240 1730 viam
1260 1701 1360 1734 suapte

776 1744 879 1764 natura
891 1737 1049 1765 difficilem.
1061 1737 1129 1766 obje
1142 1736 1183 1762 'tis
1193 1741 1243 1767 per
1254 1740 1360 1760 omnes

776 1771 913 1798 transitus
930 1769 1063 1801 operibus
1074 1784 1081 1795 .
1099 1767 1355 1800 inexpugnabilem

777 1803 858 1829 fecit.
877 1802 1113 1832 Erantpleraque
1122 1799 1258 1826 iilvestria
1270 1799 1362 1827 circa,

778 1834 960 1861 incommoda
979 1833 1113 1867 phalangi
1130 1832 1250 1858 maxime
1261 1831 1359 1856 Mace-

777 1868 903 1893 donum:
922 1872 984 1897 quae
996 1880 1005 1892 ‚
1017 1865 1071 1890 nih
1084 1864 1133 1890 ubi
1144 1862 1298 1895 praelongis
1309 1863 1361 1887 ha·

777 1899 826 1925 stis
845 1899 923 1924 velut
941 1897 1046 1922 vallum
1059 1902 1135 1931 ⁴ante
1154 1895 1268 1927 clypeos
1279 1893 1361 1924 obje-

780 1932 821 1957 cit
849 1932 859 1961 (
880 1929 959 1956 eund
986 1933 1018 1954 ut
1047 1928 1117 1954 fiat,
1136 1927 1228 1952 libero
1253 1931 1366 1954 campov

779 1969 852 1991 opus
861 1955 920 1993 est)
938 1960 1049 1986 nullius
1057 1958 1212 1986 admodum
1222 1957 1290 1984 usus
1301 1956 1353 1983 est.

781 1995 906 2020 Thraces
924 1999 1040 2022 quoque
1061 1992 1209 2021 romphaeae
1229 2006 1236 2017 ,
1257 1989 1361 2021 ingen·

782 2027 820 2053 tis
839 2026 868 2053 ὃς
887 2023 1154 2056 ipsaelongitudinis
1167 2039 1175 2050 ,
1192 2022 1269 2048 inter
1279 2021 1362 2051 obie-

782 2059 841 2084 stos
876 2057 1008 2087 undique
1032 2061 1124 2081 ramos
1153 2053 1360 2086 impediebant.

781 2127 843 2148 erat
866 2131 872 2147 :
901 2121 949 2146 sed
969 2127 1031 2152 quae
1052 2125 1169 2151 quoque
1191 2117 1270 2148 ipsa,
1286 2120 1319 2142 ut
1339 2115 1365 2142 st

780 2154 846 2186 quis
864 2153 1002 2184 impetum
1022 2151 1146 2179 faceret,
1164 2151 1193 2175 in
1213 2154 1359 2181 parentem

783 2185 895 2212 vulneri
916 2190 1020 2215 equum
1042 2199 1050 2209 .
1069 2183 1254 2214 equitemque
1271 2179 1361 2212 sagir-

782 2223 825 2243 tas
844 2217 988 2247 conjicere
1006 2219 1118 2248 poterat
1139 2219 1146 2226 ·
1168 2213 1207 2238 ita
1228 2211 1363 2238 adversus

783 2249 861 2274 scuta
881 2250 1030 2284 Romana.
1049 2253 1101 2272 nec
1110 2230 1148 2271 ad
1155 2244 1366 2275 trajiciendum·

782 2280 848 2307 sitis
858 2286 985 2311 magnam
996 2285 1052 2304 vim
1062 2277 1179 2303 habebat
1190 2293 1198 2306 ‚
1221 2282 1272 2302 nec
1280 2282 1364 2305 aper·

782 2313 803 2339 ti
823 2313 974 2344 quicquam
993 2315 1054 2336 erat
1073 2309 1152 2340 quod
1163 2312 1285 2339 peteret.
1303 2309 1370 2333 Ita*

781 2351 837 2376 que
865 2345 894 2370 id
919 2349 952 2369 ut
970 2348 1073 2368 vanum
1092 2341 1143 2366 teli
1160 2346 1249 2372 genus
1267 2337 1361 2364 sense-

782 2381 851 2402 runt
874 2374 942 2403 effe,
961 2374 1034 2400 saxis
1053 2372 1150 2405 panim
1161 2377 1224 2398 tota
1234 2371 1358 2401 valleia·

777 2407 907 2441 centibus
925 2406 1095 2436 inzeliebant
1114 2403 1235 2434 hostem.
1252 2409 1282 2431 ea
1294 2409 1359 2440 „ma-

769 1418 912 1446 consedit.
931 1419 1002 1444 inde
1022 1417 1089 1444 satis
1107 1421 1253 1448 comperto
1272 1415 1350 1440 Eor·
1399 1413 1402 1425 ‘

773 1578 844 1605 fossa
856 1596 864 1609 ,
882 1578 939 1604 alia
951 1578 1079 1610 lapidum
1092 1583 1145 1603 con
1166 1576 1225 1602 erie
1234 1592 1243 1603 ,
1255 1579 1289 1601 ut
1300 1581 1359 1604 pro
1394 1583 1397 1585 ·

783 2090 962 2116 Cretenlium
979 2093 1035 2114 una
1053 2087 1158 2113 cohors
1169 2092 1228 2111 non
1245 2084 1365 2110 inutilis
1399 2107 1401 2109 ,
