1414 2655
161 117 211 154 7²·
619 104 910 140 T.L1vrt

163 153 251 182 effer,
271 151 308 179 ad
319 149 439 178 nomina
448 148 636 184 respondent.
653 150 748 182 lezio-

793 149 880 176 Haud
890 147 1017 176 inultum
1024 146 1205 175 interfecere.
1223 152 1289 176 nam
1297 148 1372 177 clm

163 185 251 212 nibus
278 182 392 216 [criptis
405 200 413 213 ,
434 184 512 210 inter
535 181 567 209 se
590 179 745 210 decemviri
793 189 824 208 re
845 180 1049 214 ugnantemali
1071 186 1125 206 uot
1135 180 1317 208 insidiatores
1327 187 1373 207 cc>

165 215 388 247 comparabant,
408 221 482 247 quos
499 214 543 240 ire
569 214 606 241 ad
672 214 742 243 lum,

163 253 238 306 guas
276 248 367 274 raeeffle
393 245 568 273 exercitibus
583 253 603 272 o
671 250 743 272 eret.

192 280 253 306 rinc
268 285 314 308 pes
352 279 428 305 inter
460 277 635 304 decemviros
658 283 743 303 erant

165 311 206 345 Q
227 311 334 337 Fabius
349 311 379 338 ὃ(
398 313 455 341 Ap.
469 309 617 336 claudius.
637 309 742 335 bellurn

157 342 245 370 domi
266 343 370 374 majus,
393 348 477 373 quam
500 339 573 367 foris
581 342 743 374 apparebat.

162 375 254 407 Appii
272 374 437 401 vloientiam
457 373 596 403 aptiorem
625 373 682 400 rati
707 373 742 398 ad

163 412 229 432 com
252 404 396 432 timendos
420 405 544 431 urbanos
571 410 682 430 motus:
713 406 742 430 in

167 438 262 464 Fabio
271 439 368 465 minus
376 438 405 463 in
416 436 494 462 bono
503 437 641 464 constans,
659 442 743 468 quam

183 476 287 495 navum
317 469 348 495 in
374 468 483 494 malitia
502 468 652 500 ingenium
678 467 740 493 esse.

177 502 252 528 {unc
261 501 339 527 enirn
349 501 442 526 virum
453 501 597 531 egregium
608 499 680 526 olim
691 500 744 525 do-

162 533 204 559 mi
216 533 384 563 militiaeque
399 533 604 558 decemviratus
615 532 744 561 collegae-

186 571 222 591 ue
242 565 282 590 ita
294 569 472 590 mutaverant
484 579 491 591 ‚
514 568 547 589 ut
561 563 645 595 Appii
659 569 743 594 quarn

177 597 208 622 ui
220 596 318 622 simius
328 594 424 621 manet
436 594 497 621 effe.
518 595 583 622 huic
594 594 698 620 bellum
713 594 742 619 in

164 627 294 655 Sabinis,
315 627 397 652 Man.
418 627 578 656 Rabuleio,
598 627 625 653 8(
645 627 682 658 Q.
696 625 744 650 I'e-

165 659 235 686 tilio
265 659 372 684 additis
384 666 386 669 ’
402 658 518 689 collegis
539 672 547 686 ‚
577 659 742 683 mandatum

166 691 213 716 M.
224 690 379 727 Cornelias
387 690 417 715 in
431 690 564 722 Algidum
575 690 669 716 misius
679 695 742 714 cum

165 723 203 748 L.
216 723 365 751 Minucio,
388 721 416 748 8<
428 722 465 745 T.
478 721 611 746 Antonio
624 739 630 749 ,
641 721 669 747 Sc
681 722 744 745 Cae-

165 752 237 779 sone
248 753 348 779 Duilio
361 769 368 780 ,
387 752 417 779 Sc
435 753 478 778 M.
490 753 572 784 segio
587 761 593 778 :
624 753 669 784 Sp.
684 754 745 784 Op-

164 786 246 816 pium
271 789 326 815 Ap.
337 785 459 810 Claudio
477 784 638 815 adjutorem
649 784 682 809 ad
695 791 744 809 ur—

165 818 229 843 bem
250 816 384 843 tuendam
408 822 488 847 :equo
498 817 624 841 omnium
635 816 742 842 decem-

165 849 297 876 virorum
314 848 434 879 imperio
445 848 614 873 decernunt.

200 881 271 913 Cap.
283 881 307 904 X
318 880 344 905 1.
355 881 367 905 Ι
380 880 404 904 1.
421 879 528 905 Nihilo
539 879 649 906 militiae
679 885 743 904 uam

165 912 246 940 domi
258 912 360 937 melius
378 909 536 942 respublica
547 911 667 936 adminii
684 916 746 936 rata

164 945 217 971 est.
250 944 307 970 lua
332 943 419 979 modo
446 943 477 978 in
504 942 626 968 ducibus
651 943 744 974 culpa,

171 977 254 1008 quod
271 991 279 1004 ‚
299 981 333 1001 ut
351 974 422 1011 odit?
431 974 520 1000 essent
528 974 654 1002 civibus,
673 973 746 1000 fece-

169 1013 248 1034 rant.
266 1007 323 1034 alia
340 1012 433 1032 omnis
452 1012 535 1037 penes
553 1005 659 1031 milites
670 1012 744 1031 noxa

167 1044 230 1066 erat
243 1047 249 1063 :
270 1038 321 1069 qui
331 1044 368 1062 ne
378 1037 449 1069 quid
459 1037 546 1063 ductu
558 1042 643 1068 atque
653 1037 744 1068 auspi-

168 1072 216 1098 cio
235 1070 459 1105 decemvirorum
471 1069 605 1104 prospere
625 1068 742 1099 usquam

165 1106 324 1135 gereretur,
336 1101 412 1126 vinci
422 1102 449 1126 le
461 1107 509 1133 per
519 1103 601 1126 luum
610 1106 696 1129 atoue
708 1101 743 1126 il-

167 1135 266 1162 lorum
283 1133 405 1159 dedecus
427 1132 618 1162 patiebantur.
635 1131 702 1157 Fufi
713 1131 743 1158 &-

169 1166 204 1193 ab
214 1165 326 1191 Sabinis
344 1164 381 1190 ad
392 1164 512 1189 Eretum
527 1179 536 1192 ‚
551 1164 579 1190 8<
591 1164 621 1189 in
633 1164 742 1196 Algido

167 1198 204 1224 ab
215 1197 321 1227 AEnuis
341 1195 484 1221 exercitus
494 1201 588 1222 erant.
607 1196 641 1220 ab
653 1196 743 1220 Ereto

168 1236 219 1262 per
231 1227 377 1255 silentium
399 1227 491 1253 noetis
500 1226 614 1259 profugi
627 1226 745 1258 propius

169 1261 269 1287 urbem
279 1260 357 1286 inter
373 1259 497 1285 Fidenas
509 1258 745 1285 Crustumeriam-

169 1299 227 1325 que
237 1293 302 1318 leco
312 1291 392 1317 edito
403 1291 489 1316 castra
505 1291 743 1317 communierant.

173 1323 331 1359 periecutis
341 1322 467 1348 hostibus
477 1321 614 1353 nuss1uam
626 1320 653 1347 se
663 1328 744 1352 :equo

169 1356 325 1383 certamine
336 1355 550 1380 committentes
560 1370 568 1382 ,
579 1359 681 1380 namra
690 1353 745 1379 loci

170 1394 204 1414 ac
213 1388 288 1413 vallo
300 1402 308 1414 ,
329 1392 388 1411 non
400 1386 506 1412 virtute
516 1391 567 1411 aut
575 1386 660 1410 armis
670 1390 747 1410 tuta-

169 1419 286 1455 bantur.
306 1418 400 1448 Maius
419 1417 561 1449 flagitium
582 1417 612 1442 in
624 1416 742 1447 Algido,

170 1457 265 1482 maior
281 1450 368 1476 etiam
389 1449 482 1476 clades
499 1454 611 1480 accepta
626 1456 633 1473 .·
656 1448 744 1473 castra

169 1488 287 1515 quoque
303 1480 398 1515 amissa
415 1485 497 1506 erant
509 1496 517 1506 .
533 1479 693 1508 exutusque
713 1486 746 1504 o-

171 1512 464 1541 mnibusutenizlibus
473 1511 571 1539 miles.
590 1511 746 1538 Tusculum

173 1546 203 1572 se
221 1546 280 1572 fide
299 1543 548 1576 misericordiaque
559 1543 684 1568 victurus
695 1543 747 1567 ho-

169 1577 280 1610 spitum
297 1576 370 1608 (qui
397 1581 458 1602 tum
483 1582 542 1601 non
560 1574 746 1605 fisfeneeunt)

172 1609 347 1636 contulerat.
377 1608 497 1633 Romam
523 1607 598 1633 tanti
623 1611 748 1631 terrores

169 1642 243 1669 lati,
260 1646 294 1677 ug
311 1639 481 1676 posito-jam
489 1637 747 1664 decemviraliodio

172 1673 271 1699 Patres
287 1671 401 1703 vigilias
411 1677 442 1695 m
452 1670 522 1695 urbe
533 1670 673 1696 habendas
683 1675 749 1694 cen-

167 1704 284 1730 fizrent:
306 1709 404 1728 omnes
423 1701 474 1733 qui
495 1707 544 1730 per
552 1706 662 1727 :etatem
671 1707 748 1726 arma

169 1736 247 1762 ferre
267 1734 384 1767 possent,
402 1733 544 1759 custodire
570 1732 694 1761 moenia,
716 1737 747 1758 ac

172 1774 226 1800 pro
241 1767 333 1800 portis
359 1765 493 1790 stationes
509 1769 590 1796 agere
602 1765 745 1794 juberent3

172 1805 250 1825 arma
276 1797 435 1824 Tustulum
461 1796 497 1822 ad
519 1796 746 1827 iuoplementum

168 1831 376 1857 decernerent,
393 1827 620 1863 decemvirosque
639 1828 673 1852 ab
685 1833 747 1852 arce

170 1861 291 1889 Tusculi
309 1859 447 1892 degi-eliis
468 1859 497 1896 {¹¹
519 1859 614 1885 castris
624 1859 746 1885 miiitcm

168 1895 272 1920 habere
283 1902 289 1918 r
311 1894 398 1919 castra
408 1891 464 1917 alia
473 1897 488 1916 a
499 1891 620 1917 Fidenis
630 1891 659 1916 in
671 1890 748 1916 Sabi·

169 1933 241 1952 num
251 1931 350 1957 aarum
368 1921 537 1950 transferri:
560 1922 693 1954 belloque
704 1921 748 1946 ul-

169 1961 219 1983 tro
237 1956 391 1983 inferendo
403 1954 541 1979 deterreri
553 1954 643 1980 hostes
653 1952 668 1980 a
679 1959 747 1980 con·

166 1988 233 2015 filio
243 1988 322 2014 urbis
332 1985 541 2019 oppugnandae.

201 2022 272 2052 Cap.
294 2021 319 2044 X
329 2020 355 2044 L
366 2020 379 2044 1
389 2020 403 2043 1
414 2018 439 2042 1.
475 2017 522 2042 Ad
541 2016 633 2042 clades
650 2016 685 2040 ab
693 2015 746 2040 ho-

166 2052 256 2078 stibus
264 2055 399 2081 acceptas.
411 2049 471 2075 duo
481 2047 607 2073 nefanda
616 2047 745 2083 facinora

165 2083 318 2110 decemviri
337 2081 404 2107 belli
434 2080 570 2111 domique
588 2078 742 2108 adjiciunt.

165 2115 204 2141 L·
216 2115 338 2141 Siccium
349 2114 380 2139 in
392 2111 503 2136 Sabinis
514 2127 522 2139 ,
545 2117 593 2143 per
605 2110 744 2135 invidiam

164 2146 376 2173 decemviralem
389 2160 396 2169 .
407 2142 593 2169 tribunorum
607 2141 745 2167 cremdo-

161 2185 226 2204 tuan
238 2174 452 2206 secessionisque
465 2174 624 2199 mentiones
633 2173 668 2198 ad
682 2172 745 2197 vul-

161 2215 215 2241 gus
233 2209 358 2235 militum
381 2205 562 2232 sermonibus
573 2203 743 2229 occultisse-

164 2246 275 2267 rentem
288 2256 295 2268 ,
307 2237 536 2270 prospeculatum
547 2237 581 2262 ad
594 2236 686 2261 locum
699 2241 744 2260 ca-

159 2273 225 2299 stris
243 2272 415 2302 capiendum
432 2269 567 2294 mittunt.
585 2267 669 2303 datur
692 2273 741 2292 ne-

158 2304 270 2336 gotium
281 2303 424 2329 militibus
434 2315 442 2328 ‚
464 2305 535 2336 quos
545 2299 682 2324 mileu-ant
691 2303 741 2323 ex-

159 2335 317 2367 peditionis
333 2335 395 2364 ejus
413 2336 550 2367 comites,
569 2335 603 2355 ut
612 2336 677 2364 eum
688 2335 740 2361 op-

160 2372 290 2400 portuno
314 2365 411 2394 adorti
438 2363 506 2392 ioco
527 2361 737 2391 interficerent.

794 214 819 241 ci
843 220 889 240 ere
900 229 909 243 ‚
921 219 1011 246 quum
1021 213 1052 245 ip
1065 219 1081 239 e
1090 211 1118 238 ste
1127 210 1299 244 praevalidus
1308 211 1372 242 par!

791 246 901 272 viribus
916 245 1013 271 animo
1028 245 1238 272 circumventus
1264 249 1376 271 tutare·

793 283 853 304 tur.
871 277 1023 304 Nunciant
1042 276 1071 311 in
1089 275 1178 302 castra
1187 276 1291 306 ceteri,
1302 282 1375 308 prae·

790 309 942 341 cipitatum
960 309 989 334 in
1009 308 1124 334 lniidIas
1140 306 1194 334 esse
1211 307 1332 334 Siccium
1343 313 1374 332 e-

812 341 886 372 regie
910 344 1084 372 pugnantem
1103 337 1266 369 militesque
1283 335 1374 371 quos·

815 379 859 398 am
884 379 947 398 cum
975 378 1008 397 eo
1026 371 1146 398 amissos.
1182 371 1279 397 Primo
1298 370 1374 396 fides

794 403 1000 430 nunciantibus
1017 401 1086 428 fuit.
1114 401 1246 428 Profesta
1264 401 1372 428 deinde

793 437 897 462 cohors
906 435 941 461 ad
952 433 1129 466 sepeliendos
1137 434 1188 464 qui
1197 434 1372 461 ceciderant,
1413 430 1414 440 ¹

791 467 1017 493 decemvirorum
1045 465 1194 497 permissu,
1223 465 1372 497 postquam

791 500 905 524 nullum
923 497 1075 530 spoliatum
1105 497 1145 522 ibi
1173 503 1296 528 corpus,
1313 496 1374 523 Sic-

789 531 925 561 ciumque
943 530 972 555 in
995 528 1238 559 mediojacentem
1250 544 1258 557 ‚
1277 533 1373 554 arma-

791 568 852 588 tum
877 568 911 587 ue
929 561 1063 586 omnibus
1083 562 1113 586 in
1135 567 1199 586 eum
1213 559 1297 586 vertis
1307 565 1372 586 cor-

792 594 856 627 pori
879 599 911 618 us
929 593 1027 619 videre
1038 608 1046 620 ‚
1069 592 1191 618 hostium
1204 597 1297 623 neque
1307 598 1373 617 cor-

791 632 844 658 pus
854 625 947 650 ullum
959 641 966 650 .
989 630 1041 649 nec
1051 624 1165 656 vestigia
1177 623 1344 650 abeuntium
1360 627 1371 655 ἶ

795 656 922 689 profecto
942 656 976 681 ab
996 655 1052 681 suis
1071 655 1254 681 interfectum
1265 660 1374 680 memo·

792 694 885 714 rantes
897 704 905 717 ‚
925 687 1171 717 retulctecorpus.
1190 686 1371 716 Invidia’que

791 721 875 753 plena
893 719 978 745 castra
998 723 1097 746 etant,
1117 717 1146 744 St
1167 719 1287 743 Romam
1299 716 1373 743 ferri

791 752 926 784 protinus
935 750 1054 776 Siccium
1066 750 1190 780 placebat
1202 763 1210 777 ‚
1221 750 1251 775 ni
1261 749 1373 775 decem-

791 784 847 809 viri
860 782 948 809 funus
958 781 1084 807 militare
1096 782 1122 806 ei
1132 781 1244 813 publica
1256 781 1368 812 impen-

789 815 818 840 sa
837 815 929 841 facere
947 811 1140 839 maturass‘ent.
1167 813 1300 843 Sepultus
1321 812 1368 837 in-

790 847 870 878 genti
888 845 1015 871 miiitum
1025 843 1176 871 moestitla,
1198 843 1311 876 penima
1320 843 1371 870 do-

792 878 981 905 cemvirorum
994 877 1023 901 in
1036 876 1139 907 vulgus
1148 875 1221 901 fama
1232 876 1282 902 cst.

826 911 896 941 cap.
916 910 938 933 X
951 909 1000 934 LI
1013 908 1050 932 V.
1079 907 1214 938 Sequitur
1239 906 1319 933 aliud
1338 904 1372 932 in

790 942 861 966 urbe
880 939 960 966 nefas
977 939 1012 964 ab
1023 939 1252 966 libidineortum
1265 955 1273 967 ‚
1292 937 1371 964 haud

794 974 889 998 minus
913 971 992 997 foedo
1003 975 1108 997 eventu
1118 987 1127 1000 ‚
1137 977 1221 1002 quarn
1230 970 1309 1008 quod
1320 975 1372 1001 per

791 1005 918 1035 stuprum
943 1002 1104 1033 credemque
1131 1003 1273 1028 Lucretiae
1299 1000 1373 1026 urbe

791 1042 858 1093 {5512
863 1034 1373 1095 2³03}sssffitss‘izzffdz‘zssaeffissqssi

793 1100 928 1131 regibus,
950 1097 995 1123 sed
1015 1095 1200 1131 causifactiam
1209 1096 1305 1123 eadem
1317 1095 1371 1121 im-

797 1130 869 1162 perii
887 1129 1038 1155 amittendi
1049 1127 1124 1154 eliet.
1145 1130 1171 1154 A
1196 1127 1371 1153 .Claudium

795 1162 915 1194 virginis
925 1161 1039 1192 plebeiae
1050 1159 1164 1191 stuprari
1189 1167 1210 1184 ae
1220 1159 1314 1186 iibido
1326 1164 1375 1184 ce-

793 1195 847 1223 pit.
868 1194 951 1220 Pater
962 1191 1083 1224 virginis
1099 1192 1135 1218 L.
1146 1190 1308 1222 Virginius,
1319 1190 1374 1214 ho-

794 1225 902 1252 nestum
922 1224 1054 1250 ordinem
1074 1223 1105 1249 in
1117 1223 1226 1254 Algido
1237 1220 1374 1250 ducebat.

794 1258 837 1283 vir
863 1255 986 1286 exempli
1004 1254 1072 1280 recti
1090 1254 1168 1280 domi
1188 1253 1372 1292 militiaque.

797 1289 919 1315 Perinde
937 1293 1014 1313 uxor
1033 1285 1167 1312 instituta
1176 1283 1375 1313 fueratmbe-

796 1320 880 1358 rique
907 1318 1142 1346 instituebantur.
1171 1316 1373 1348 Desponderat

796 1352 885 1378 filiam
897 1352 932 1376 L.
943 1350 1026 1376 Icilio
1043 1348 1220 1379 tribunicio..
1232 1348 1294 1373 viro
1304 1346 1376 1376 acri,

799 1384 828 1410 ὃ(
839 1389 891 1414 pro
900 1381 989 1408 caussit
998 1381 1089 1413 plebis
1105 1386 1228 1412 expett-r
1240 1379 1371 1405 virtutis.

798 1416 879 1440 Hanc
900 1413 1042 1446 virginem
1052 1412 1180 1439 adultam
1191 1428 1199 1439 ,
1222 1410 1315 1437 forma
1323 1414 1378 1436 ex-

794 1447 954 1473 cellentem,
969 1443 1076 1475 Appius
1087 1449 1184 1469 amore
1191 1443 1375 1473 ardenspre-

795 1478 838 1504 tio
847 1485 879 1503 ac
889 1475 934 1510 spe
944 1476 1075 1507 pellicere
1083 1475 1214 1504 adortusz
1226 1473 1374 1504 postquam

797 1511 896 1536 omnia
936 1507 1028 1535 udore
1036 1505 1114 1538 septa
1124 1505 1375 1533 animadverterat.

799 1541 836 1567 ad
853 1547 902 1566 cru
925 1540 996 1566 elem
1013 1536 1218 1571 superbamque
1232 1538 1290 1563 vim
1309 1536 1377 1570 anig

801 1579 877 1598 mum
899 1571 1053 1597 convertit.
1080 1570 1125 1594 Μ.
1139 1569 1264 1595 elaudio
1273 1568 1378 1594 clienti

799 1603 948 1635 negotium
968 1602 1068 1630 dedit,
1085 1605 1121 1627 ut
1129 1601 1271 1632 virginem
1281 1601 1311 1626 in
1322 1597 1380 1624 ser-

801 1636 921 1662 vitutem
939 1633 1080 1660 affereret.
1099 1639 1192 1664 neque
1212 1631 1326 1658 cederet
1336 1628 1380 1655 se·

801 1667 927 1693 cundum
967 1664 1131 1692 libertatern
1168 1663 1379 1696 postulantibus

799 1698 955 1724 vindicias:
976 1695 1055 1727 quod
1074 1700 1155 1726 pater
1174 1695 1275 1728 puellae
1300 1693 1379 1719 abei-

798 1729 840 1756 set
852 1746 860 1757 ‚
878 1730 975 1765 iocum
989 1725 1164 1758 injuriaeeffe
1173 1731 1260 1755 ratuss
1278 1724 1378 1762 Virgi-

799 1761 830 1786 ni
842 1761 969 1786 venienti
989 1760 1018 1785 in
1041 1759 1138 1784 forum
1148 1757 1201 1789 (ibi
1211 1763 1335 1789 namque
1346 1762 1377 1782 m

798 1792 925 1818 tabernis
943 1792 1091 1818 literarum
1101 1790 1164 1816 ludi
1173 1794 1257 1815 erant
1269 1789 1279 1820 )
1290 1788 1379 1813 mini-

799 1823 853 1850 ster
866 1823 1018 1850 decemviri
1035 1822 1166 1848 libidinis
1177 1827 1292 1847 manum
1303 1819 1379 1850 inje-

798 1857 860 1884 cit;
881 1856 958 1880 iet-va
978 1853 1027 1880 sua
1039 1859 1133 1879 natam
1145 1851 1319 1883 (servamque
1328 1857 1377 1882 ap-

798 1887 927 1919 pellans)
945 1885 1006 1912 esse.
1024 1884 1161 1917 sequique
1193 1883 1220 1910 se
1239 1883 1380 1914 jubebatg

798 1918 978 1945 cunctantem
999 1916 1252 1942 viabstrasturum.
1272 1913 1378 1940 Pavida

798 1950 894 1982 puelia
904 1949 1033 1981 stupente
1045 1964 1054 1977 ,
1072 1949 1108 1975 ad
1118 1947 1269 1974 clamorem
1280 1944 1378 1980 nutri-

796 1982 836 2009 cis
847 1997 854 2009 ‚
865 1981 950 2007 fidem
988 1980 1121 2006 uiriiium
1130 1977 1311 2010 implorantis
1321 1992 1329 2004 .
1340 1976 1379 2002 ht

797 2011 963 2039 concursus.
1013 2007 1243 2043 irginilpatriss
1276 2007 1378 2040 nssque

797 2045 873 2070 Icilii
901 2042 1038 2076 populare
1072 2048 1179 2068 nomen
1204 2047 1235 2067 ce
1248 2040 1376 2078 ebrann-

796 2080 890 2132 {3235
896 2071 1381 2137 gsissiin‘f‘ffls1ssiffb2ffi‘i'iffl:

796 2144 823 2164 ta
833 2143 893 2164 erat
906 2143 1015 2169 gquum
1028 2135 1155 2164 aflei-tor,
1167 2141 1186 2161 n
1203 2134 1244 2160 hil
1255 2140 1327 2166 opus
1336 2132 1381 2160 es·

793 2169 821 2195 se
841 2169 1033 2195 multitudine
1043 2167 1186 2194 concitata
1197 2166 1238 2193 ait
1248 2182 1256 2196 ‚
1275 2165 1302 2191 ie
1313 2165 1380 2196 iure

793 2200 909 2232 graffiti
922 2216 930 2228 ,
948 2206 1009 2226 non
1029 2201 1067 2226 vi.
1097 2200 1190 2224 vocat
1211 2196 1377 2230 puellamin

793 2234 859 2264 ju3;
878 2231 1043 2258 auctoribus
1059 2231 1110 2262 qui
1129 2231 1267 2258 aderant,
1288 2233 1323 2255 ut
1336 2225 1380 2254 se-

794 2269 941 2295 queretur.
962 2263 1009 2289 Ad
1019 2261 1147 2298 tribunal
1160 2260 1248 2294 Appii
1259 2265 1381 2292 perven-

793 2301 854 2322 tum
874 2295 925 2321 est.
943 2300 1041 2320 notam
1051 2293 1143 2324 iudici
1167 2291 1292 2319 fabulam
1302 2290 1380 2324 petl-

792 2332 839 2353 tor
849 2343 857 2356 ‚
868 2328 973 2359 quippe
980 2326 1056 2357 apud
1066 2323 1161 2357 ipsum
1171 2323 1317 2350 auctorem
1328 2327 1379 2348 ar-

789 2358 919 2392 gumenti
930 2373 939 2389 ι
949 2357 1071 2392 peragit,
1082 2355 1210 2391 pucilam
1220 2351 1374 2416 ἀοιὲιὲἆιὲξ
