1414 2655
804 26 817 39 ἱ

443 120 666 160 Lintn
721 123 937 164 xxviii.
1206 145 1250 182 42

63 159 268 195 ,nutricemque
284 163 465 196 praesidium,
483 171 562 200 quod
575 171 605 196 in
617 177 649 198 ea

72 194 144 220 urbe
153 194 220 222 estet
237 211 245 224 ‚
273 196 513 230 &imperatorem
526 203 648 232 proefidii

69 231 133 252 tum
143 226 224 254 classe
243 230 410 260 prodituros
427 230 490 257 effe.
509 233 597 266 Mago
608 236 648 262 ibi

67 262 111 285 ex,
123 255 189 290 fuga
207 257 388 291 substiterat,
415 264 591 297 navibulque
619 268 650 293 in

68 289 183 315 oceano
192 291 327 322 colleffis,
334 293 513 326 aliquantum
523 298 649 324 auxilio-

66 325 131 346 rum
141 322 170 348 &
180 326 258 349 trans
268 323 374 351 fretum
384 332 419 352 cx
432 327 530 353 Africa
538 336 589 355 ora
601 337 610 361 ς
620 330 649 358 8<

65 357 102 377 ex
112 354 252 384 proximis
270 356 412 393 Hispani-fe
429 359 500 386 locis
509 367 557 390 per
568 363 647 388 Han·

66 389 173 410 nonem
187 387 348 416 praefestum
361 396 501 422 coegerat.
519 393 592 419 Fide
600 401 644 420 ac-

63 421 144 448 cepta
163 417 286 450 dataque
305 421 431 454 perfugis
443 438 451 451 ,
469 423 498 450 Sc
520 425 648 452 Marcius

64 453 100 473 oo
109 454 171 474 cum
183 452 323 483 expeditis
338 454 505 480 cohortibus
516 472 524 484 ‚
543 457 572 483 8<
582 458 646 483 Lce-

63 477 122 505 lius
141 487 204 507 cum
233 481 336 514 septem
356 486 540 516 triremibus,
560 489 646 520 quin-

61 513 190 543 queremi
202 520 258 540 una
269 515 308 542 est
316 516 420 546 missus,
429 523 464 544 ut
474 523 550 545 terra
561 521 646 547 mari-

63 549 121 575 que
131 547 275 572 communi
285 549 406 574 coniilio
417 556 476 576 rem
485 557 626 583 gererent.

100 576 171 606 Cap.
199 579 332 604 XXIV.
357 581 453 613 Scipio
477 581 537 613 ipse
563 585 642 616 gravi

63 607 167 633 morbo
194 608 368 641 implicitus.
396 614 524 645 graviore
548 620 641 648 tamen

64 637 139 664 sama
149 656 157 667 ,
176 646 265 669 quum
283 643 319 668 ad
329 643 358 669 id
369 644 491 677 quisque
501 647 580 684 quod
592 654 641 674 au-

60 669 155 697 dierat
180 671 285 702 (infita
301 675 451 703 hominurn
472 677 597 704 libidine
614 687 642 707 a-

61 700 142 728 lendi
160 703 194 729 de
209 705 350 732 industria
368 710 513 740 rumores)
534 711 640 741 adjice-

61 738 108 759 ret
124 734 257 766 aliquid3
280 739 457 768 provinciam
476 748 588 768 omnem
607 751 640 771 ac

63 766 184 792 maxime
194 768 354 801 longinqua
363 772 425 802 ejus
436 773 576 800 turbavit:
590 782 639 807 ap-

81 797 215 829 aruitque
226 815 234 825 .
255 806 390 831 quantam
408 804 566 832 excitatura
576 813 638 832 mo-

73 834 115 854 em
135 836 199 855 vera
217 829 311 859 fuisset
320 834 429 862 clades,
449 842 537 868 quum
549 844 637 866 vanus

60 865 162 886 rumor
192 866 286 890 tantas
312 866 450 895 procellas
478 869 633 897 exciviflet.

60 897 121 917 non
139 892 207 919 socii
225 895 255 919 in
273 896 349 924 fide,
367 904 425 923 non
443 901 585 927 exercitus
605 903 633 929 in

57 922 155 950 officio
170 926 281 953 mansit.
307 929 483 957 Mandonius
503 933 533 958 Sc
553 934 636 960 Indi-

55 953 138 984 bilis,
160 958 262 988 quibus
277 959 354 990 (quia
370 968 490 991 regnum
508 964 561 990 libi
580 966 632 992 Hi-

53 983 177 1018 spaniae,
199 989 286 1018 pullis
303 991 372 1018 inde
391 994 632 1027 Carthaginiensi-

53 1016 124 1048 bus,
143 1019 316 1050 destinarant
343 1025 464 1056 animis)
485 1028 561 1053 nihil
581 1037 633 1059 pro

51 1047 99 1081 spe
119 1052 296 1083 contigerat,
313 1057 466 1083 concitatis
484 1060 631 1090 populari-

52 1080 104 1108 bus
114 1082 261 1114 (Lacetani
272 1092 365 1113 antem
376 1090 479 1120 erant)
492 1090 521 1118 ὃς
529 1092 631 1121 juven—

53 1116 115 1139 tute
141 1116 353 1145 celtiberorum
380 1121 473 1147 excita
494 1138 502 1150 ‚
529 1129 629 1154 agrum

53 1144 244 1174 Suessetanum
278 1151 504 1184 Sedetanumque
536 1155 629 1182 socio-

52 1181 116 1203 rum
138 1179 238 1218 populi
267 1182 393 1209 Romani
412 1184 560 1212 hostiliter
580 1189 628 1214 de-

51 1209 182 1240 populati
202 1213 281 1239 sunt.
300 1215 402 1240 Civilis
419 1215 493 1242 alius
501 1217 586 1244 furor
597 1221 626 1246 in

47 1239 144 1267 astris
161 1242 197 1269 ad
213 1245 365 1272 Sucronem
385 1253 476 1274 ortus.
495 1250 566 1276 osto
586 1253 626 1279 ibi

48 1271 141 1298 millia
167 1274 295 1301 miiitum
328 1283 410 1305 erant
431 1285 440 1310 ;
465 1282 625 1311 praeiidium

66 1303 179 1331 entibus
189 1322 198 1334 ,
219 1313 280 1339 quoe
298 1309 337 1335 cis
349 1310 461 1337 Iberum
472 1312 624 1344 incolunt',

62 1336 222 1365 mpolitum.
235 1339 322 1366 Motae
332 1346 425 1368 autem
436 1348 536 1370 eorum
544 1353 624 1373 men·

44 1369 87 1392 tes
97 1367 183 1400 lunt3
201 1376 260 1396 non
281 1376 344 1398 tum
354 1374 476 1403 primurn
487 1383 575 1408 quum
588 1379 625 1405 de

46 1398 106 1424 vita
125 1399 305 1432 imperatoris
322 1405 405 1431 dubii
418 1413 546 1435 rumores
554 1410 624 1436 alla-

44 1429 69 1456 ti
88 1429 173 1463 sunt3
192 1433 238 1460 sed
253 1434 311 1466 jam
339 1442 408 1463 ante
420 1453 428 1467 ,
447 1439 566 1467 lieentia
586 1449 622 1468 ex

43 1461 205 1494 diuturno,
226 1471 260 1492 ut
283 1467 329 1495 fit,
350 1469 413 1494 otio
432 1471 552 1498 collecta
565 1489 572 1500 ,
591 1474 621 1501 &

41 1495 180 1521 nonnihil
202 1512 211 1525 ,
237 1499 316 1530 quod
333 1500 363 1525 in
391 1501 502 1528 hostico
525 1505 622 1532 laxius

41 1530 125 1556 rapto
142 1525 230 1555 suetis
238 1530 351 1559 vivere,
369 1532 543 1562 arffloresin
555 1544 621 1567 pace

41 1563 86 1583 res
104 1564 196 1586 erant.
223 1562 266 1588 Ac
285 1563 377 1594 primo
396 1562 536 1592 sermones
557 1574 620 1595 tan-

41 1592 104 1614 tum
118 1592 225 1618 occulti
242 1591 407 1621 serebantur
418 1613 425 1624 ,
436 1597 456 1622 st
468 1597 573 1626 bellum
586 1601 618 1627 in

42 1621 187 1652 provincia
201 1623 284 1652 esset.
306 1627 376 1658 quid
392 1627 449 1654 sese
469 1629 547 1657 inter
568 1639 615 1664 pa-

42 1655 120 1679 catos
135 1653 242 1681 facere:
264 1656 287 1683 fi
314 1658 488 1686 debellatum
508 1662 565 1693 iam
585 1664 615 1691 St

41 1684 170 1712 confecta
186 1688 331 1719 provincia
343 1690 409 1717 effer
419 1708 427 1720 ,
440 1699 492 1718 cur-
516 1694 545 1720 in
557 1697 615 1722 Ita-

39 1713 108 1741 liam
126 1723 185 1743 non
205 1720 325 1747 revehi?
343 1722 519 1755 Flagitatum
539 1733 612 1758 quo—

36 1751 93 1778 que
111 1747 144 1774 sti
182 1750 282 1778 ndium
299 1755 462 1784 procacius,
483 1763 568 1788 quam
578 1764 613 1784 ex

37 1783 119 1805 more
183 1783 317 1810 modestia
334 1786 472 1816 militari,
483 1794 561 1816 erat:
581 1790 612 1819 St

32 1809 68 1835 ab
81 1813 241 1840 custodibus
258 1816 364 1854 probra
381 1819 411 1844 in
433 1819 612 1848 circumeun-

33 1845 76 1867 tes
93 1844 203 1878 vigilias
229 1848 364 1874 tribunos
388 1850 480 1880 jasta:
511 1852 540 1880 Se
558 1861 612 1880 no-

50 1872 83 1900 tu
101 1876 216 1906 quidam
236 1880 391 1909 praedatum
403 1881 433 1907 in
444 1888 543 1915 agrum
555 1886 610 1912 cir-

32 1910 64 1931 ca
84 1912 212 1939 pacatum
232 1910 344 1938 ierant:
365 1913 608 1945 postremointer-

30 1936 100 1965 diu,
116 1945 149 1965 ac
168 1942 313 1972 propalam
332 1943 391 1970 sine
408 1952 564 1974 commeatu
574 1949 609 1975 ab

30 1967 117 2001 {ignis
135 1971 260 1999 abibant.
277 1976 374 2000 omnia
393 1976 557 2006 libidineac
573 1981 608 2007 li-

28 2001 123 2027 centia
132 2003 258 2030 militum
270 2021 278 2034 ‚
291 2007 365 2032 nihil
376 2007 510 2036 instituto
520 2018 551 2038 ac
561 2012 606 2038 di-

28 2029 158 2061 sciplina=
170 2035 280 2062 militiae
289 2053 297 2066 ‚
317 2044 367 2063 aur
377 2039 497 2071 imperio
506 2049 604 2070 eorum

30 2063 82 2095 qui
102 2071 241 2096 proeerant
253 2083 262 2096 ‚
277 2071 438 2099 gerebatur.
456 2072 549 2099 forma
562 2079 605 2102 ra-

29 2099 96 2120 men
117 2097 311 2126 Rornanorum
331 2101 485 2130 castrorum
494 2106 604 2133 consta-

30 2124 78 2152 bat
87 2132 144 2154 una
153 2135 183 2155 ea
193 2128 248 2162 spe,
259 2134 337 2163 quod
349 2135 481 2161 tribunos
491 2143 525 2162 ex
535 2145 603 2164 con-

27 2159 142 2189 ragione
159 2160 269 2189 suroris
287 2164 365 2191 haud
382 2172 511 2198 expertes
529 2169 603 2196 sedi-

27 2188 116 2216 tionis
125 2192 347 2227 defectionisque
368 2199 421 2223 rati
433 2198 504 2229 fore,
517 2199 603 2232 &ju-

24 2222 184 2249 rareddere
202 2225 231 2250 in
243 2227 393 2260 principiis
403 2230 549 2261 linebant,
571 2234 600 2261 Sc

24 2251 135 2284 iignum
153 2255 186 2281 ab
205 2258 246 2282 eis
264 2260 395 2290 petebant
413 2277 421 2289 ,
446 2262 475 2288 δε
495 2264 525 2289 in
547 2264 599 2291 sta-

24 2284 116 2311 tiones
133 2292 164 2312 ac
185 2287 293 2319 vigilias
310 2291 340 2316 in
353 2293 484 2319 ordinem
497 2295 594 2322 ibant:

22 2313 54 2341 Sc
71 2321 106 2342 ut
131 2317 188 2343 vim
208 2319 318 2353 imperii
341 2324 535 2355 abstulerant,
556 2328 595 2353 ira

19 2343 137 2377 speeiem
154 2349 232 2376 disto
256 2356 414 2384 parentium
442 2358 523 2384 uitro
542 2359 594 2385 fibi

19 2376 189 2412 imperantes
198 2380 356 2415 servabant.
368 2387 475 2422 Erupit
484 2390 589 2419 deinde

699 169 825 203 seditio,
842 176 990 208 postquam
1010 178 1218 210 reprehendere
1238 151 1284 213 a?-

701 205 928 236 queimprobare
944 209 1075 236 tribunos
1085 218 1134 240 ea.
1155 220 1218 246 quae
1226 218 1291 248 fie-,

700 241 785 265 tent,
806 237 835 264 ὃς
855 240 954 266 conari
971 241 1154 274 obviamire,
1173 247 1282 280 &pro-

697 267 788 297 palam
797 270 921 297 abnuere
929 287 938 299 ,
957 271 1069 308 furoris
1078 281 1176 303 eorum
1186 278 1213 304 ie
1228 281 1277 307 fu-

696 303 779 326 turos
797 300 903 331 socios,
920 302 1080 333 senierunt.
1097 308 1216 341 Fugatis
1227 313 1284 340 ita-

695 336 751 361 que
777 338 812 357 ex
831 334 1000 369 principiis,
1020 343 1052 363 ac
1064 341 1158 375 ‘paulo
1178 344 1240 375 post
1259 342 1278 371 ὃ

695 364 791 390 castris
809 365 951 395 tribunis,
971 368 1008 394 ad
1029 371 1173 403 principes
1197 374 1275 403 sedi.

694 394 785 422 tionis
802 411 811 423 ,
833 399 978 429 gregarios
1003 401 1109 428 milites
1128 419 1136 432 ,
1164 406 1199 430 C.
1222 409 1277 434 Al-

693 424 772 452 bium
792 428 949 459 Calenum,
967 430 998 458 &
1017 434 1050 457 C.
1064 435 1181 462 Atrium
1201 438 1276 466 Um.

695 457 775 484 brum
795 475 804 487 ,
831 461 960 488 delatmn
985 464 1115 491 omnium
1133 469 1272 498 consensu

691 489 843 519 imperium
859 493 910 518 est.
945 495 998 525 qui
1024 502 1202 530 nequaquam
1219 504 1273 529 tri-

691 520 814 548 buniciis
831 526 963 552 contenti
980 531 1175 560 ornamentis,
1204 533 1276 561 insi-

688 553 756 583 guia
771 555 856 580 etiam
867 555 969 582 summi
981 557 1094 590 imperii
1106 577 1114 590 ,
1132 562 1218 590 fasces
1226 565 1273 592 se-

687 583 826 617 curesque
844 589 994 615 attrectare
1011 591 1088 618 aufi:
1111 599 1206 627 neque
1224 605 1271 624 ve-

688 615 734 642 nit
763 617 794 642 in
814 624 956 648 mentem,
976 620 1035 648 suis
1059 625 1148 654 tergis
1164 643 1172 655 ,
1199 627 1274 656 suis-

687 653 743 678 que
751 650 906 677 cervicibus
924 652 1016 684 virgas
1026 655 1091 681 illas
1103 656 1272 692 securesque

687 678 855 712 imminere,
873 689 944 714 quas
962 685 998 710 ad
1015 692 1122 713 metum
1141 690 1269 719 aliorum

686 712 864 743 praeferrent.
882 715 964 741 Mors
974 717 1113 748 Scipionis
1123 719 1197 748 fali'o
1207 730 1270 750 cre-

686 743 747 769 dita
764 746 917 773 occaecabat
941 749 1052 775 animos
1073 758 1080 776 :
1110 751 1162 778 sub
1182 757 1268 786 cujus

686 776 828 807 inligatam
846 784 914 804 mox
935 779 1035 806 famam
1061 787 1122 809 non
1149 786 1266 813 dubita-

684 805 753 833 bant
771 813 869 834 totam·
877 809 1043 841 Hispaniam
1060 813 1184 842 arsuram
1209 819 1269 845 bel·

682 837 724 863 lo.
743 839 776 864 in
791 846 826 865 eo
847 843 1018 870 tumultu&
1036 843 1120 872 sociis
1128 851 1266 878 pecunias

682 869 837 902 imperari,
853 873 883 899 Se
899 874 987 905 diripi
1015 879 1193 910 propinquas
1211 888 1264 907 ur·

682 902 728 927 bes
745 902 830 934 posse·
855 904 1018 932 &turbatis
1050 909 1151 939 rebus,
1168 918 1261 945 quum

680 934 776 959 omnia
794 942 894 961 omnes
919 938 1078 968 auderent,
1099 942 1195 971 minus
1211 946 1262 972 in-

677 963 768 997 fignia
779 966 841 992 fore
853 974 914 999 quae
926 969 978 999 ipli
989 969 1126 999 feciffiant.

712 998 783 1029 Cap.
800 1000 826 1023 X
838 999 864 1024 X
876 1001 914 1025 V.
933 1001 1028 1035 Qum
1047 1003 1121 1030 alios
1136 1003 1265 1035 subinde

678 1033 804 1055 recentes
820 1033 961 1062 nuncios,
975 1039 1034 1059 non
1047 1036 1150 1063 mortis
1161 1039 1262 1071 modo,

677 1058 726 1085 sed
745 1061 831 1088 etiam
844 1061 955 1090 funeris
971 1064 1185 1099 exspectarent,
1205 1077 1262 1098 ne.

677 1097 733 1127 que
750 1092 950 1124 superveniret
968 1096 1117 1129 quitquam
1129 1117 1138 1129 ,
1157 1107 1260 1130 evane-

676 1124 821 1156 sceretque
840 1131 946 1153 temere
954 1134 1038 1155 ortus
1047 1136 1150 1157 rumor
1162 1139 1170 1163 ;
1192 1138 1256 1162 tum

677 1155 764 1185 primi
773 1157 902 1184 austores
914 1161 1020 1191 requiri
1029 1163 1128 1195 coepti.
1146 1163 1176 1190 &
1188 1164 1254 1191 suh-

675 1187 807 1213 trahente
823 1188 852 1215 ie
871 1197 987 1222 quoque
1005 1209 1013 1221 ,
1043 1198 1078 1219 ut
1106 1196 1257 1225 credidisse

673 1219 770 1248 potius
779 1224 883 1247 temere
893 1238 901 1250 ,
941 1229 1006 1249 uam
1015 1224 1130 1252 finxiffe
1141 1234 1200 1253 rem
1212 1234 1259 1256 ta-

672 1250 727 1275 lem
743 1251 833 1278 videri
882 1261 899 1280 0
924 1259 974 1285 et3
1004 1256 1138 1285 destituti
1163 1260 1254 1288 duces

670 1281 729 1312 jam
751 1281 800 1308 sua
824 1285 854 1315 ip
867 1292 877 1310 ι
896 1286 1036 1317 insignia,
1055 1288 1084 1315 Sc
1109 1296 1163 1321 pro
1181 1298 1254 1320 vana

671 1313 795 1344 imagine
813 1315 925 1347 imperii
946 1319 1025 1350 quod
1034 1325 1188 1351 gererent,
1208 1330 1256 1350 ve-

667 1351 727 1370 ram
746 1345 849 1375 justam
870 1354 907 1374 ue
923 1355 991 1375 mox
1009 1351 1041 1377 in
1058 1351 1088 1377 se
1107 1354 1252 1383 versuram

669 1377 836 1406 potestatem
879 1381 1026 1408 orrebant.
1053 1384 1189 1415 stupenti
1208 1387 1256 1415 ita

666 1406 824 1440 seditioni,
840 1417 930 1443 quum
946 1413 1041 1440 vivere
1049 1416 1161 1447 primo,
1181 1424 1253 1446 mox

667 1440 752 1466 etiam
763 1443 854 1468 valere
864 1444 1025 1477 scipionem
1037 1461 1045 1474 1
1065 1448 1138 1474 certi
1148 1449 1251 1477 austo-

665 1477 710 1497 res
732 1471 869 1500 afferrem
888 1491 896 1504 ,
929 1476 1040 1503 tribuni
1056 1479 1184 1507 militum
1205 1482 1249 1509 se-

665 1507 742 1533 ptem
754 1520 762 1531 ,
781 1505 817 1530 ab
834 1506 898 1538 ipso
913 1508 1046 1539 scipione
1063 1511 1137 1537 mlffi
1147 1513 1249 1546 super-

664 1540 815 1563 venerunt.
843 1539 889 1565 Ad
910 1546 1031 1572 quorum
1051 1542 1177 1573 primum
1195 1546 1250 1573 ad-

663 1572 780 1594 ventum
789 1569 948 1602 exasperati
958 1573 1048 1598 animi
1061 1579 1069 1604 ;
1080 1580 1148 1601 mox
1157 1593 1165 1605 ,
1177 1577 1247 1608 ipsis

662 1598 777 1629 placido
795 1600 925 1628 sermone
936 1604 1180 1635 permulcentibus
1189 1615 1246 1636 no-

661 1634 719 1658 tos,
731 1637 794 1658 cum
805 1633 908 1671 quibus
916 1637 1054 1667 congreffl
1063 1643 1156 1668 erant,
1166 1640 1244 1668 leni-

660 1662 684 1687 ti
703 1662 781 1689 sunt.
800 1671 1008 1693 circumeuntes
1025 1669 1101 1695 enim
1113 1674 1244 1701 tentori:

659 1693 765 1725 primo,
775 1696 880 1723 deinde
889 1697 920 1723 in
931 1698 1081 1733 principiis
1110 1705 1246 1731 raetorio·

659 1731 715 1757 que
725 1741 732 1753 ,
746 1727 796 1753 ubi
805 1726 947 1757 sermones
955 1730 1032 1757 inter
1044 1731 1071 1758 se
1093 1736 1241 1763 erendum

658 1757 780 1784 circulos
800 1758 933 1787 vidiflent
952 1778 961 1790 ,
989 1763 1238 1796 alloquebantur:

658 1790 876 1820 percunstantes
893 1794 1000 1827 magis,
1017 1801 1080 1826 quae
1089 1798 1240 1826 cauffiirae

656 1821 956 1856 consternationisque

656 1858 742 1883 quam
761 1853 864 1880 fastum
886 1855 1057 1884 accusantes.
1077 1861 1176 1892 vulgo
1186 1863 1238 1890 sti-

654 1884 793 1914 pendium
812 1892 873 1912 non
892 1888 991 1915 datum
1010 1890 1044 1916 ad
1054 1891 1131 1918 diem
1148 1894 1240 1924 jaeta-

654 1916 738 1941 batur
749 1924 756 1942 z
773 1917 803 1944 Sc
812 1925 900 1949 quum
910 1921 1009 1947 eodem
1019 1927 1148 1955 tempore
1158 1941 1166 1953 ,
1197 1933 1240 1954 uo

652 1947 744 1974 scelus
775 1949 1042 1982 Inirurgitanorum
1075 1956 1160 1982 extiti
1185 1963 1236 1988 et,

651 1978 713 2011 post
732 1980 856 2007 duorum
872 1983 910 2008 im
933 1988 1078 2011 erutorum
1096 1988 1238 2016 duorum-

673 2017 708 2035 ue
717 2013 894 2040 exercituum
931 2021 1025 2047 ragem
1038 2033 1045 2046 ‚
1062 2016 1113 2045 sua
1125 2020 1235 2048 virtute

673 2042 802 2069 efensum
822 2051 926 2071 nomen
941 2047 1105 2076 Romanum
1119 2067 1126 2079 ,
1144 2057 1175 2077 ac
1186 2060 1232 2079 re-

650 2078 731 2100 tenta
748 2076 897 2106 provincia
909 2077 993 2109 efl‘et3
1017 2079 1236 2114 illiturgitanos

651 2107 764 2137 poen-im
785 2113 868 2133 noxae
887 2111 1016 2136 meritam
1027 2111 1150 2144 habere;
1168 2113 1233 2143 suis

650 2136 812 2164 restefattis
829 2141 951 2170 gratiam
963 2143 1013 2173 qni
1024 2143 1151 2171 exsolvat
1161 2153 1223 2173 non

649 2168 712 2195 effe.
730 2170 814 2196 'ralia
825 2177 976 2201 querentes
984 2181 1063 2205 :equa
1074 2183 1156 2203 orare
1167 2194 1174 2206 ‚
1185 2178 1230 2205 st:-
1249 2193 1264 2204 a

670 2207 705 2226 ue
713 2207 744 2226 ea
754 2202 894 2229 relaturos
904 2204 938 2229 ad
952 2205 1149 2236 imperatorem
1161 2225 1169 2237 ,
1182 2217 1227 2236 re·

647 2206 838 2261 ppondebant.
866 2235 956 2260 laetari
978 2238 1057 2268 quod
1078 2240 1152 2265 nihil
1173 2242 1228 2268 tri-

647 2263 726 2293 stius,
738 2271 789 2290 nec
800 2264 985 2293 insanabilius
996 2268 1061 2295 estet
1074 2279 1081 2296 ε
1093 2271 1121 2298 Sc
1133 2273 1229 2300 nsci-

648 2296 761 2326 pionem
773 2298 865 2322 Deum
878 2297 1056 2331 benignitate
1067 2317 1074 2330 ‚
1094 2303 1123 2329 &
1136 2304 1228 2330 Rem-

649 2327 801 2358 publicam,
811 2328 864 2354 effe
872 2331 969 2360 gratiae
981 2331 1146 2360 referendae.
1167 2337 1226 2362 Sci-

650 2358 763 2389 pionem
784 2360 865 2385 bellis
884 2360 1020 2388 assuetum
1033 2379 1041 2391 ,
1058 2366 1093 2392 ad
1104 2365 1223 2393 seditio-

649 2396 719 2420 num
729 2392 868 2424 procellas
876 2393 976 2423 tudem
985 2412 992 2426 ,
1004 2394 1228 2458 sollicitufflg:

996 1824 1100 1854 subitae
1140 1829 1220 1857 foret
1229 1848 1240 1862 ,
