1414 2655
175 146 349 174 inferentem
361 147 469 176 bellum
482 165 492 178 .
502 149 602 177 iisdem
611 150 712 179 aueto-

128 179 210 206 ribus
222 179 419 210 Ptolemaeum,
429 182 535 213 quibus
547 182 713 220 Pompeium

128 209 330 241 interfecerat,
340 219 402 238 cum
415 213 542 241 maximo
552 212 603 240 sno
613 215 715 243 diicri-

127 241 207 270 mine
225 244 306 270 vicit.
324 244 512 275 Ptolemaeus,
532 247 601 272 dum
625 247 714 279 fugit,

128 275 162 300 in
183 274 257 301 Nilo
277 275 411 303 navicula
420 275 556 305 subsedit.
575 279 715 306 I‘raeterea

128 306 307 334 laboriosum
321 309 364 334 M.
378 310 540 336 Catonisin
552 310 715 344 Asticmper

129 337 243 365 deserta
263 346 326 365 cum
346 340 596 373 legionibusirer‚
615 343 643 370 8<
656 344 716 370 bel-

131 370 191 395 lum
212 368 228 396 a
249 372 306 397 cn.
319 372 454 400 Domitio
475 380 577 401 contra
590 374 716 402 Pharna-

127 408 189 429 cem
198 409 301 435 pamm
309 405 445 438 prospere
454 407 560 438 gestum
570 408 715 435 continet.

232 465 396 502 Lrnnx
445 469 615 504 cxiii.

178 529 350 558 Onfirrnatis
369 532 399 558 in
412 532 510 560 Africa
530 535 713 568 Pompeianis

174 563 306 599 partibus
316 579 324 591 ‚
335 570 432 590 earum
447 565 598 597 imperium
611 569 643 593 Ρ.
656 571 715 595 sci-

127 593 213 624 pioni.
234 595 362 621 delatum
378 596 438 628 est;
458 598 570 625 Catone
580 616 588 625 =
610 601 656 627 cui
677 607 714 627 ex

125 631 166 682 21²2
170 626 319 685 ἓῗτὶξὲξῗὲ
322 628 662 696 li‘bz¹‘15?÷‘¹c‘;¹lfapigflf2¹f
666 640 714 691 ἓξ·

128 694 190 714 rem
200 690 327 718 civitatis
334 692 397 722 ejus
406 692 437 718 in
450 693 588 721 Caesarem
600 697 711 723 delibe-

123 725 241 748 raretur
251 738 259 751 ‚
269 722 358 754 idque
371 730 407 749 ne
418 724 512 754 fieret,
528 727 573 752 M.
586 729 660 754 Cato
674 735 714 754 te-

125 751 230 779 nuiffet
243 769 252 782 ‚
294 755 349 781 uba
368 755 522 785 suadente,
541 760 715 786 urdiruere-

127 788 179 809 tur
190 790 198 814 3
211 791 272 812 tute
287 793 302 812 a
314 789 377 815 elus
387 803 395 815 ‚
415 787 442 814 3<
454 789 584 816 custodia
596 793 713 818 manda-

125 819 156 851 ta
167 815 207 842 est
219 818 341 844 Caroni.
359 819 431 845 inde
449 819 598 853 Pompeius
612 824 712 855 Magni

126 847 210 874 nlius
231 850 261 875 in
274 850 413 881 Hispania
423 853 580 879 contractis
591 855 712 886 viribus,

126 886 250 909 quarum
271 883 408 908 ducatum
427 889 479 909 nec
498 884 638 912 Afranius
659 894 711 914 nec

127 910 261 948 Petreius
282 915 415 944 excipere
426 916 561 943 volebant
570 935 577 944 .
605 919 713 946 bellum

128 944 264 970 adver-ius
283 945 422 972 Caesarem
444 950 605 976 renovavit,
625 951 713 976 Phar-

124 981 211 1002 naces
229 977 416 1004 Mithridatis
431 979 512 1005 filius
531 987 583 1006 rex
605 982 713 1013 Ponti,

127 1006 191 1033 fine
202 1008 263 1035 ulla
275 1009 342 1035 belli
354 1016 434 1036 mora
444 1012 535 1038 vici-us
543 1014 593 1039 est.
613 1016 712 1046 Quum

126 1038 288 1066 seditiones
299 1043 398 1068 Romae
413 1040 429 1067 a
450 1043 482 1067 Ρ.
496 1044 647 1072 Dolabella
661 1047 714 1074 tri-

127 1071 209 1097 buno
227 1072 321 1103 plebis
331 1090 340 1101 ‚
361 1073 451 1104 legem
463 1074 576 1102 ferente
586 1078 620 1103 de
630 1079 714 1105 novis

126 1103 247 1132 tabulis,
258 1105 391 1131 excitatae
399 1106 498 1136 essem,
509 1107 537 1134 Sc
547 1114 583 1134 ex
594 1116 626 1135 ea
635 1112 714 1138 caus-

125 1133 156 1161 sa
167 1134 245 1165 plebs
253 1136 493 1167 tumultuaretur,
506 1139 631 1167 inductis
641 1141 655 1168 a
668 1144 711 1169 M.

130 1167 266 1193 Antonio
276 1168 412 1201 magistro
421 1170 555 1205 equitum
569 1173 598 1198 in
611 1175 713 1201 urbem

131 1198 278 1225 militibus
288 1216 295 1227 .
326 1201 491 1231 octingenti
517 1210 533 1228 e
549 1205 632 1234 plebe
653 1207 714 1232 caeii

129 1228 212 1256 sunt.
231 1231 334 1261 Caesar,
346 1233 488 1259 veteranis
497 1240 561 1261 cum
571 1235 717 1264 seditione

129 1262 292 1289 mistionem
317 1264 528 1293 postulantibus
539 1283 546 1295 ,
574 1268 667 1295 dedit.
685 1270 716 1298 8:

128 1299 221 1325 quum
232 1294 264 1320 ln
274 1295 405 1322 Africam
416 1297 571 1327 traiecisset
582 1316 590 1328 ‚
612 1307 716 1329 contra

128 1325 227 1357 copias
251 1326 335 1359 Jubae
352 1328 429 1361 regis
455 1336 522 1358 cum
547 1330 715 1363 discrimine

128 1362 235 1392 magno
242 1360 395 1393 pugnavit.

240 1423 401 1459 Ltnkt
447 1426 604 1463 CXIV.

128 1487 159 1526 B
173 1486 274 1515 Ellum
304 1487 334 1515 iu
360 1490 442 1522 syria
468 1491 603 1520 caecilius
621 1493 718 1522 Baffus

171 1525 258 1550 eques
285 1521 436 1549 Romanus
470 1524 712 1556 Pompeianarum

125 1552 254 1582 partium
275 1553 433 1586 excitavit3
455 1556 557 1582 relicto
575 1555 718 1589 alegione

125 1583 216 1609 sexto
237 1585 363 1615 Caeiare.
375 1593 440 1618 quoe
458 1588 495 1614 ad
506 1588 616 1615 Bassum
626 1591 720 1616 trans-

127 1614 221 1641 ierat:
243 1615 397 1649 occisoque
419 1625 474 1648 eo,
494 1620 590 1646 Caesar
609 1622 717 1653 Scipio-

129 1652 197 1672 nem
207 1650 541 1679 praerorem.Afranium,
550 1653 714 1686 Jubamque

127 1678 201 1705 vicit
211 1679 246 1706 ad
259 1679 407 1710 Thapsum
418 1698 426 1711 ‚
447 1683 544 1710 castris
553 1691 656 1711 eorum
665 1692 718 1712 ex-

128 1712 277 1742 pugnatis.
297 1714 372 1739 cato
389 1715 488 1742 audita
507 1722 537 1741 re
551 1732 558 1742 .
576 1723 666 1748 quum
687 1718 716 1745 se

130 1742 304 1773 percuffifl‘et
327 1744 420 1772 Uricae
433 1762 442 1774 ‚
461 1746 718 1777 &interveniente

131 1773 198 1800 filio
208 1780 360 1802 curaretur
368 1794 377 1805 2
399 1778 477 1808 inter
488 1778 577 1809 ipsam
589 1782 717 1809 curatio-

128 1811 196 1832 nem
209 1807 320 1834 rescissb
329 1809 450 1836 vulnere
457 1810 626 1842 exspiravit.
636 1819 716 1841 anno

129 1838 226 1865 :etatis
245 1840 463 1876 quadragesimo
475 1848 567 1870 nono.
585 1844 717 1873 Petreius

129 1870 245 1901 Jubam,
256 1870 343 1903 seque
352 1873 509 1900 interemit.
530 1875 562 1899 P.
576 1877 671 1907 Scipio
683 1878 714 1904 in

127 1907 201 1928 nave
211 1903 424 1932 circumventus
432 1905 558 1933 honestae
566 1910 655 1935 morti
666 1916 717 1936 vo.

126 1939 189 1959 cem
209 1939 327 1967 quoque
335 1936 453 1968 adjecit.
470 1940 669 1969 qnaerentibus
687 1948 717 1968 e-

128 1964 192 1992 nim
215 1965 418 1997 imperatorem
445 1969 595 1999 hostibus,
613 1972 710 2003 dixit,

129 1996 292 2026 Imperator
311 1999 382 2025 bene
401 2000 429 2026 se
439 2000 535 2028 habet.
551 2003 673 2031 Faustus
683 2005 713 2032 Sc

126 2027 274 2056 Afranius
291 2031 387 2059 occifi.
406 2033 526 2060 Catonis
544 2034 611 2062 filio
631 2038 715 2064 venia

126 2059 205 2085 data:
220 2061 340 2093 Brutus,
350 2064 459 2095 legatus
470 2065 632 2094 caesarls‚in
643 2069 715 2095 Gal-

120 2090 331 2122 liaBellovacos
340 2095 511 2125 rebellantes
523 2099 624 2131 praeiio
634 2100 714 2128 vicit.

238 2157 404 2195 Ltnnt
453 2162 586 2197 CXV.

126 2215 164 2254 C
175 2212 260 2240 AEsar
278 2220 406 2246 quatuor
423 2219 588 2253 triumphos
598 2221 686 2248 duxit
699 2225 708 2253 ς

171 2252 208 2271 ex
217 2247 327 2275 Gallia.
335 2255 371 2274 ex
384 2249 525 2283 AEgypto,
539 2259 574 2278 ex
585 2254 683 2280 Ponto
691 2270 700 2282 ‚

125 2276 157 2304 δε
170 2277 280 2305 Africa.
297 2281 415 2311 epulum
427 2299 434 2309 ,
454 2284 482 2311 8<
494 2286 588 2311 omnis
597 2285 710 2316 generis

121 2308 281 2338 spectacula
300 2312 394 2340 dedit.
421 2315 464 2340 M.
479 2317 623 2343 Marcello
640 2324 712 2343 con-

122 2339 224 2377 sulari,
235 2342 336 2370 senatu
358 2351 488 2374 rouanre,
501 2349 627 2375 reditum
639 2356 709 2376 con-

120 2371 210 2400 cesslt-
236 2376 288 2406 qui
310 2377 466 2405 Marcellus
484 2380 628 2406 beneficio
646 2380 710 2412 ejus

123 2403 184 2434 frui
193 2411 255 2434 non
265 2409 385 2444 potuim
396 2407 413 2438 ὲ
424 2412 482 2439 cn.
493 2412 593 2446 Magio
603 2413 711 2442 Cilone

535 103 935 142 Erizena.

758 151 867 179 cliente
889 154 944 180 iuo
965 154 1088 183 Athenis
1104 155 1223 185 occisus.
1242 159 1348 187 Roma·

762 182 878 210 censum
897 186 958 218 egit
968 203 976 215 ‚
996 194 1054 220 quo
1064 187 1147 215 censa
1156 189 1223 217 sunt
1234 192 1340 219 civium

762 218 853 248 capita
871 224 988 244 centum
1006 220 1220 252 quinquaginta
1238 224 1344 250 millia.

760 248 967 282 profestusque
989 251 1019 277 in
1033 251 1201 285 Hispaniam
1211 255 1347 283 adversus

761 279 826 305 Sex.
841 281 1020 311 Pompeium,
1030 285 1131 311 multis
1143 287 1288 318 utrimque
1297 293 1349 313 cx·
1390 284 1391 287 ’

764 312 963 341 peditionibus
982 314 1062 341 factis
1073 332 1080 345 ‚
1100 316 1129 344 δι
1139 318 1254 350 aliquot
1265 320 1348 346 urbi-

763 342 814 370 bus
832 347 1009 376 expugnatis
1017 363 1024 375 ‚
1048 346 1184 375 summam
1195 351 1344 377 victoriam

760 380 826 401 cum
843 379 969 404 maximo
978 377 1144 406 discrimine
1155 381 1190 407 ad
1200 383 1348 409 Mundam

761 407 863 467 ιιὼοῐὲῑ
870 409 1042 447 consecutus
1051 411 1101 438 est.
1114 412 1268 446 Pompeius
1276 416 1346 442 Sex-

762 444 809 466 tus
819 445 834 464 e
859 447 931 473 ugit.

864 505 1031 540 Ltuat
1077 507 1239 545 CXVI.

763 569 799 606 C
831 566 924 593 Caesar
967 574 1004 594 ex
1037 567 1174 601 Hispania
1207 570 1344 602 quintum

802 597 810 606 ⁹
824 599 1002 631 triumphum
1013 601 1083 632 egit.
1101 602 1129 628 Sc
1152 608 1240 639 quum
1251 603 1344 639 pluri-

762 631 802 656 mi
822 631 997 663 maximique
1020 633 1144 659 honores
1165 635 1218 660 eia
1239 635 1342 662 lenam

764 663 871 689 decreti
889 663 994 695 effent3
1017 664 1094 690 inter
1104 672 1197 697 quos,
1216 672 1249 692 ut
1261 667 1345 694 Pater

763 694 868 720 l‘atriae
877 695 1071 727 appellaretur
1083 713 1090 723 ,
1101 697 1129 724 &
1141 697 1345 729 sacrosanctus,

759 732 792 752 ac
807 727 939 752 Distator
950 728 980 753 in
994 734 1163 760 perpetuum
1173 728 1240 756 esset
1253 747 1259 758 ,
1271 731 1346 757 invi-

761 758 817 785 diae
829 759 950 785 cauffam
960 759 1094 787 adversus
1103 767 1166 786 eum
1178 762 1344 793 praeiiitcre,

766 791 845 821 quod
864 791 977 816 ienatui
987 791 1133 819 deferenti
1144 793 1195 818 hos
1204 794 1341 824 honores,

760 827 849 849 ouum
868 828 936 848 ante
945 823 1031 849 aedem
1045 825 1168 850 Veneris
1180 826 1342 854 Genitricis

759 852 881 882 sederet,
893 861 952 880 non
964 854 1136 882 affllrrexit:
1156 856 1274 887 &quod
1294 859 1341 884 M.

763 886 898 912 Antonio
923 886 1041 913 consule
1065 888 1173 919 collecta
1192 888 1244 915 sno
1263 890 1342 917 inter

758 917 907 949 Lupercos
922 924 1083 954 currente)
1109 920 1237 955 diadema
1255 923 1343 953 capiti

758 949 812 974 suo
829 949 996 980 impolitum
1015 950 1044 976 in
1062 951 1131 977 tella
1143 953 1289 982 repoiuit:
1312 954 1341 983 Sc

758 981 838 1011 quod
865 981 974 1012 Epidio
995 983 1141 1013 Marullo,
1161 983 1191 1010 ὃ(
1220 984 1342 1011 caesetin

760 1012 852 1038 Flavo
880 1013 1007 1040 tribunis
1023 1014 1128 1043 plebis,
1157 1015 1293 1042 invidiam
1314 1018 1342 1044 el

760 1048 905 1075 tamquam
923 1051 953 1070 re
975 1051 1042 1070 num
1062 1045 1208 1072 affectanti
1226 1054 1342 1074 moven-

760 1075 858 1104 tibus,
876 1080 952 1108 potei
967 1083 996 1102 as
1015 1078 1150 1109 abrogata
1169 1078 1220 1104 est.
1241 1079 1286 1104 Ex
1307 1081 1345 1107 iis

760 1108 860 1134 caustis
877 1108 1092 1140 conspiratione
1120 1110 1149 1135 ln
1179 1116 1244 1135 eum
1267 1110 1340 1139 faeta

760 1140 854 1171 (cujus
864 1141 956 1171 capita
967 1140 1088 1166 fuerunt
1098 1157 1106 1169 ,
1129 1141 1171 1166 Μ.
1184 1142 1342 1172 Brutus,&

761 1172 795 1195 c.
810 1171 928 1200 castius,
946 1172 974 1199 ὃς
986 1177 1021 1197 ex
1033 1171 1151 1198 Caesaris
1162 1175 1290 1205 partibus
1300 1175 1341 1201 D.

762 1203 872 1229 Brutus
891 1203 920 1230 ’ἐς
947 1205 981 1228 C.
995 1204 1179 1234 Trebonius)
1210 1205 1240 1231 in
1258 1207 1339 1233 curia

762 1234 890 1266 Pompeii
900 1234 1009 1261 occisus
1016 1236 1055 1262 eil:
1067 1237 1171 1270 viginti
1182 1237 1272 1264 tribus
1282 1238 1346 1265 vul-

761 1267 887 1295 neribus.
897 1273 1126 1300 occupatumque
1134 1268 1169 1295 ab
1179 1269 1348 1297 interfecto-

763 1299 847 1325 ribus
871 1305 933 1331 eJus
962 1299 1154 1337 Capitolium.
1189 1301 1345 1329 oblivione

763 1331 869 1357 deinde
887 1331 970 1358 caedis
989 1333 1051 1363 ejus
1069 1339 1084 1358 a
1103 1331 1203 1371 senatu
1219 1333 1347 1371 decreta·

762 1362 911 1389 obiidibus
932 1364 1058 1390 Antonii
1077 1365 1106 1392 St
1124 1365 1227 1397 Lepidi
1249 1366 1348 1393 liberis

760 1395 901 1427 acceptis²
918 1396 1064 1426 conjurati
1089 1394 1105 1422 a
1131 1397 1280 1430 capitolio
1298 1398 1349 1425 de-

709 1441 716 1448 ·
761 1426 947 1454 scenderunt.
958 1428 1144 1454 Testamento
1157 1428 1276 1456 Caesaris
1283 1430 1342 1455 hm.-

762 1465 806 1485 res
815 1465 852 1485 ex
863 1464 944 1490 parte
953 1459 1074 1486 dimidia
1085 1460 1232 1487 institutus
1253 1463 1287 1487 c.
1300 1463 1342 1487 o-

762 1491 871 1517 stavius
891 1489 998 1518 sororis
1017 1497 1053 1517 ne
1076 1499 1125 1521 os,
1144 1492 1173 1520 ὃς
1192 1493 1223 1518 in
1235 1499 1341 1520 nomen

1380 445 1410 554 Ὗ,

761 1522 920 1554 adoptatus
933 1523 982 1549 est.
1002 1524 1049 1548 Cae
1064 1525 1121 1551 aris
1130 1530 1242 1557 corpus,
1253 1531 1344 1557 quum
1395 1536 1402 1542 ·

762 1554 793 1580 in
813 1561 944 1585 campum
965 1556 1106 1582 Martium
1125 1556 1308 1585 deferretur,
1328 1556 1346 1584 ὲ

763 1585 847 1617 plebe
867 1591 934 1613 ante
953 1587 1042 1614 rostra
1059 1594 1214 1615 crematum
1224 1589 1273 1614 eii.
1295 1591 1348 1617 Dl-

763 1617 883 1645 staturae
892 1619 987 1645 honos
998 1620 1027 1645 in
1039 1625 1209 1651 perpetuum
1219 1619 1353 1650 sublatus

763 1649 812 1675 est.
828 1651 863 1675 C.
876 1652 1009 1678 Amatius
1019 1651 1188 1678 humillima
1198 1651 1284 1680 sortis
1294 1653 1348 1680 ho-

763 1687 812 1707 mo
824 1697 832 1710 ,
850 1683 902 1714 qui
913 1681 940 1708 se
962 1684 996 1708 C.
1010 1684 1098 1709 Marii
1120 1684 1214 1710 fllium
1225 1685 1347 1716 ferebat.

763 1719 853 1743 quum
865 1715 939 1746 apud
949 1715 1093 1741 credulam
1105 1716 1216 1747 plebem
1226 1717 1362 1746 seditiw

764 1751 816 1773 nes
826 1751 964 1776 moveret,
975 1746 1144 1777 interfectus
1155 1749 1206 1776 est.

854 1811 1008 1845 Ltnnt
1056 1811 1246 1849 CXVII.

762 1875 798 1912 C
828 1873 962 1900 octavius
981 1875 1102 1900 Romam
1113 1880 1149 1911 ex
1162 1875 1255 1908 Epiro
1265 1875 1345 1912 venit

802 1902 810 1911 ⁸
825 1905 872 1936 (eo
881 1906 957 1932 enim
970 1906 1054 1932 illum
1067 1907 1161 1933 Caeiar
1171 1908 1348 1937 praemiierat

762 1937 869 1964 bellum
889 1938 920 1964 in
934 1938 1108 1965 Macedonia
1115 1939 1244 1971 gesturus
1254 1940 1264 1971 >
1274 1941 1348 1967 omi·

761 1968 905 2001 tribusque
925 1970 1065 2002 prosperis
1082 1975 1238 2004 exceptus3
1257 1973 1346 1998 etiam

762 2007 869 2028 nomen
889 2000 1010 2028 caesaris
1030 2000 1162 2034 sumplit.
1182 2005 1216 2030 Iu
1238 2003 1346 2041 confu-

761 2033 844 2059 stone
870 2039 989 2064 rerum,
1015 2040 1047 2060 ac
1068 2035 1197 2062 tumultu
1216 2035 1347 2073 Lepid-HS

763 2064 971 2096 pontificatum
990 2066 1145 2093 maximum
1173 2067 1343 2124 intercepit.

761 2097 814 2124 sed
828 2098 872 2123 Μ.
885 2097 1036 2124 Antonius
1045 2098 1158 2125 Consul
1168 2114 1176 2126 ‚
1187 2105 1276 2130 quum
1329 2111 1343 2118 -

761 2134 896 2160 potenter
903 2129 1105 2156 dominaretur
1117 2147 1125 2159 ,
1144 2129 1292 2163 legemque
1303 2131 1342 2157 de

759 2161 972 2191 provinciarum
993 2162 1208 2193 permutatione
1227 2169 1276 2194 per
1286 2162 1344 2189 vim

759 2191 888 2220 tulisset·
905 2193 935 2220 Se
960 2191 1097 2220 Caesarem
1107 2200 1224 2226 quoque
1243 2199 1343 2232 peten-

760 2229 818 2250 tem
830 2240 839 2251 ‚
858 2230 891 2250 ut
910 2224 962 2250 libi
972 2225 1120 2252 adversum
1130 2227 1267 2252 avunculi
1278 2232 1344 2257 per-

760 2255 882 2282 cussores
899 2255 1020 2286 adeslet.
1040 2258 1148 2288 magnis
1161 2258 1282 2289 injuriis
1298 2257 1342 2284 af·

758 2287 887 2317 fecisitn
902 2287 1006 2317 Caesar,
1019 2289 1048 2316 8<
1059 2289 1123 2318 fibi,
1133 2289 1162 2317 St
1173 2289 1339 2320 reipublicae

759 2321 832 2346 vires
851 2325 953 2349 contra
964 2327 1029 2347 eum
1041 2326 1192 2352 paraturus
1200 2321 1339 2360 deductos

756 2352 788 2377 in
807 2352 939 2379 colonias
959 2358 1108 2380 veteranos
1117 2353 1266 2380 excitavit.
1284 2354 1340 2389 Le-

755 2384 857 2415 giones
874 2390 992 2416 quoque
1003 2390 1106 2417 quarta
1114 2386 1143 2412 δε
1153 2385 1260 2412 Martia
1271 2400 1278 2413 ‚
1300 2385 1337 2411 ii-

750 2422 809 2449 gna
826 2416 862 2444 ab
888 2417 1026 2446 Antonio
1042 2417 1080 2446 ad
1096 2416 1236 2445 Caesarem
1249 2417 1334 2476 ττιιιιὲῖ·

1324 2464 1333 2475 0
