1414 2655
119 142 194 180 35·
581 117 872 155 T-Lrvxx

115 180 293 213 quamquam
314 178 368 200 nec
379 171 407 199 vl
418 170 480 203 capi
499 168 613 196 videbat
626 164 699 199 poffe

117 206 373 243 inexpugnabilem
393 202 519 230 terrestri
538 207 570 226 ac
589 198 701 225 mariti·

117 243 233 270 molitu
244 240 344 266 urbem
356 253 364 266 ,
374 242 426 262 nec
437 234 509 261 farne
520 249 528 263 ‚
539 238 625 265 quarn
635 236 701 262 pro-

116 282 153 309 pe
173 274 259 301 liberi
277 271 312 296 ab
328 266 503 298 Carthagine
525 267 702 291 commeatus

116 308 230 334 alerent
243 311 251 335 τ,
266 307 361 329 tamen
381 306 417 325 ne
438 297 508 330 quid
521 297 700 328 inexpertum

106 343 111 348 '
120 339 303 369 relinqueret
311 350 320 363 ‚
340 331 500 362 transfugas
511 324 703 358 Syracusanos

105 371 214 402 ·(·etant
235 372 329 393 autern
349 363 424 396 apud
446 362 592 387 Romanos
612 356 704 388 aliqui

123 398 293 428 nobiliflimi
305 397 370 423 viri.
381 396 457 421 inter
467 391 657 420 defectionem
671 389 704 413 ab

125 431 284 461 Romanis,
307 429 372 460 quia
385 426 418 452 ab
427 425 509 451 novis
520 422 648 449 consiliis
658 419 704 445 ab·

112 469 113 472 ’
124 463 287 491 horrebant
298 476 306 489 ‚
318 458 401 492 pulsi)
414 454 567 486 colloquiis
579 452 633 479 sure
644 458 706 487 par·

126 497 165 524 tis
177 499 290 522 tentare
308 490 456 517 hominum
468 487 578 513 animos
600 484 680 515 iuliit
697 491 702 508 ;

124 529 156 556 8<
167 527 253 553 fidem
265 524 332 551 dare
344 537 353 551 ‚
363 521 385 547 fi
394 520 507 547 traditae
516 517 615 544 forent
627 516 707 547 Syra-

128 558 222 587 cusae,
242 556 348 583 liberos
366 558 414 579 eos
433 558 464 577 ac
475 550 531 576 suis
541 548 651 580 legibus
666 547 711 573 vi·

115 591 224 618 'Eturos
234 587 297 615 esse-
316 586 386 612 Non
395 588 455 610 erat
464 582 541 616 collo
563 579 705 611 uiicopia:

129 622 198 656 quia
223 620 382 646 multorum
400 614 489 641 animi
517 614 549 639 iu
566 611 637 643 pesti
651 626 658 639 ‚
678 618 709 635 o-

131 653 243 681 mnium
262 655 358 678 curam
377 643 534 676 oculosque
561 647 710 677 converte-

129 690 198 713 rant
208 700 217 713 ‚
226 690 263 710 ne
273 681 344 715 quid
354 679 469 706 falleret
480 677 538 703 tale
548 674 708 702 admistum.

132 720 233 744 servus
249 719 324 741 unus
345 711 461 738 exulum
492 715 544 741 pro
564 706 713 738 transfuga

131 746 308 777 intromissus
320 745 350 771 in
358 743 459 770 urbem
469 757 478 770 ‚
487 739 635 767 conventis
645 744 711 769 pau-

129 783 172 809 cis
184 796 193 809 ‚
211 778 328 807 initium
347 771 534 806 colloquendi
552 771 589 797 de
609 769 660 795 tali
683 774 715 794 re

139 812 220 840 fecit.
249 808 353 836 deinde
373 807 403 832 in
422 803 573 836 piscatoria
598 801 715 834 quidam

135 844 205 871 navi
216 860 224 871 .
235 840 345 868 retibus
355 836 469 869 operti,
480 833 716 864 circumvectique

136 877 180 904 ita
197 874 233 902 ad
246 874 332 900 castra
353 872 482 896 Romana
493 882 501 894 ‚
520 865 716 894 collocutique

126 912 201 935 ‘cum
223 902 397 933 transfugis:
419 900 449 926 ὃ(
468 899 541 925 idem
563 897 663 928 saepius
672 902 720 921 eo-

138 941 203 967 dem
225 936 312 963 modo
331 934 381 960 alii
400 937 486 962 atque
495 930 558 955 alii.
577 928 718 961 postremo

140 972 178 998 ad
190 968 335 1005 octoginta
343 965 423 991 fasti:
433 963 461 990 Sc
475 968 564 993 quum
574 961 630 991 jam
642 966 718 985 com-

141 1004 233 1042 poiita
254 999 352 1025 omnia
368 997 403 1023 ad
416 994 607 1026 proditionem
620 990 719 1018 essent,

141 1033 254 1061 indicio
275 1030 372 1056 delato
391 1027 427 1054 ad
448 1025 593 1057 Epicyden
606 1029 656 1054 per
667 1023 721 1056 ᾼῑ-

126 1066 232 1094 ‘talum
253 1062 395 1095 quendam
409 1074 417 1086 ς
442 1057 642 1089 indignantem
668 1053 721 1080 tibi

144 1104 203 1124 rem
213 1095 351 1122 creditam
361 1097 421 1117 non
430 1089 482 1116 effe
493 1105 501 1117 ‚
520 1087 612 1113 necati
624 1092 721 1112 omnes

144 1135 209 1156 cum
219 1126 347 1154 cruciatu
359 1120 508 1149 sunt.Alia
517 1117 639 1146 subinde
650 1116 722 1148 spes;

145 1160 294 1194 postquam
313 1157 373 1183 haec
392 1160 462 1181 vana
481 1150 621 1178 evaserat,
642 1155 725 1175 exce-

149 1193 204 1227 pit.
234 1188 392 1222 Damippus
410 1184 532 1217 quidam>
545 1180 723 1208 Lacedaemo-

149 1224 217 1251 nius
235 1220 329 1247 minus
348 1219 384 1244 ab
407 1215 550 1248 syr-acuns
566 1214 602 1239 ad
615 1213 724 1241 Philip-

146 1262 215 1313 ζωῇ
225 1258 318 1285 regem
326 1268 333 1278 ‚
346 1255 444 1282 captus
453 1248 486 1273 ab
498 1245 636 1272 Romanis
646 1245 725 1269 navi·

169 1292 202 1313 us
219 1290 291 1311 erat.
308 1283 395 1313 hujus
413 1280 515 1310 utique
525 1276 684 1303 redimendi
696 1276 725 1302 ὃ(

150 1317 288 1350 Epicydae
308 1320 374 1339 cura
392 1316 454 1338 erat
472 1311 591 1342 ingens:
613 1313 664 1333 nec
674 1307 726 1332 ab·

147 1351 216 1378 nuit
227 1346 391 1375 Marcellus,
399 1344 457 1375 jam
468 1347 529 1369 tum
547 1339 727 1366 AEtolornrn,

138 1382 237 1412 'eujus
254 1378 349 1412 gentis
375 1375 443 1402 socii
461 1370 669 1409 [gacedremonii
699 1376 728 1395 e-

149 1419 237 1441 rant,
261 1408 416 1436 amicitiam
441 1403 637 1432 affectantibus
668 1402 728 1427 Ro-

150 1444 252 1473 manis.
267 1442 313 1468 Ad
322 1439 499 1476 colloquium
512 1437 547 1462 de
556 1434 731 1464 redemptio-

137 1478 140 1481 ⁴
152 1484 190 1504 nc
199 1475 261 1507 ejus
271 1472 358 1499 mistis
368 1486 378 1499 ‚
395 1470 505 1496 medius
513 1466 636 1493 maxime
644 1470 731 1497 atque

152 1506 285 1537 utrisque
303 1512 340 1535 op
381 1507 485 1529 rtunus
502 1501 599 1526 locus,
617 1497 651 1523 ad
665 1503 730 1528 por-

155 1546 218 1567 tum
238 1536 438 1569 Trogiliorum
449 1550 457 1560 .
475 1536 590 1564 propter
605 1528 709 1555 turrim
720 1544 729 1557 ‚

153 1577 239 1605 quam
257 1571 361 1595 vocant
380 1566 567 1595 Galeagram,
587 1560 626 1586 est
644 1559 731 1586 visus.

152 1609 213 1637 quo
222 1606 312 1634 quum
323 1597 420 1631 saepius
429 1597 620 1623 commearent
630 1608 638 1619 ,
658 1597 735 1617 unus

140 1636 192 1662 ‘ex
213 1631 354 1660 Romanis
372 1634 407 1655 ex
433 1627 599 1659 propinquo
618 1629 732 1649 murum

153 1664 364 1698 contemplatus
374 1676 383 1690 ‚
401 1658 579 1686 numerando
604 1655 716 1686 lapides
726 1670 735 1682 ‚

157 1696 381 1726 aestimandoque
413 1690 470 1725 ipse
502 1688 594 1715 secum
623 1687 673 1719 qui
703 1687 734 1711 in

153 1731 257 1757 fronte
276 1729 426 1759 paterent3
447 1722 530 1748 simul
547 1719 735 1746 altitudinem

159 1761 257 1788 muri,
276 1762 416 1791 quantum
438 1754 568 1787 proxime
587 1750 734 1781 conjectu-

159 1800 193 1820 ra
210 1796 322 1826 poterat
333 1806 341 1818 ,
352 1785 523 1820 permensus,
535 1782 717 1809 humiliorem
725 1795 736 1800 -

158 1831 214 1856 que
232 1823 384 1854 aliquanto
404 1818 522 1851 prixlIna
540 1815 679 1845 opinione
688 1811 737 1837 sua

159 1856 190 1884 St
201 1859 368 1881 caeterorum
388 1851 517 1876 omnium
530 1852 607 1873 ratus
617 1843 668 1871 effe
679 1861 686 1873 ‚
706 1843 736 1869 ὃς

161 1888 207 1915 vel
225 1883 414 1912 mediocribus
434 1880 513 1907 stalis
528 1876 732 1910 superabilem3

160 1920 197 1947 ad
210 1916 377 1945 Marcellum
390 1920 448 1939 rem
458 1909 650 1938 deferrHaud
664 1906 739 1938 sper-

160 1950 258 1978 nenda
276 1946 344 1974 visa.
361 1945 407 1971 sed
419 1961 426 1973 ‚
448 1950 534 1975 quum
554 1939 738 1967 adirilocus,

152 1982 215 2015 ‘qui
235 1981 271 2007 ob
293 1976 415 2011 idipsum
439 1974 581 2001 intentius
600 1970 739 1998 custodie-

162 2014 249 2040 batur
259 2028 266 2040 ,
283 2016 343 2037 non
354 2008 441 2041 poffet
456 2023 462 2035 ‚
480 2005 589 2032 occasio
600 2002 737 2035 quaereba-

163 2051 225 2073 tur.
245 2048 329 2076 quarn
350 2039 459 2067 obtulit
477 2036 641 2069 transfuga.
665 2040 739 2059 nun-

159 2078 259 2105 cians,
274 2075 350 2101 diem
370 2072 472 2098 festum
491 2069 590 2095 Diana:
621 2071 670 2097 per
689 2064 741 2091 tri-

161 2111 253 2137 duum
271 2106 317 2138 agi
330 2120 339 2133 ‚
357 2104 385 2131 Sc
404 2102 472 2136 quia
481 2102 538 2127 alia
551 2101 581 2125 in
592 2097 739 2124 obiidione

155 2140 260 2176 'desint
272 2155 280 2167 ‚
300 2137 369 2163 vino
379 2135 486 2166 largius
505 2132 603 2164 epulas
621 2129 741 2155 celebra-

165 2173 211 2203 τὶς
231 2172 260 2199 8<
281 2170 315 2195 ab
335 2168 462 2199 Epicyde
472 2164 592 2200 praebito
602 2161 740 2187 univeriae

167 2202 274 2235 plebei,
284 2200 313 2227 ὃ(
326 2205 373 2232 per
383 2198 475 2224 tribus
484 2204 499 2221 a
530 2193 689 2225 rincipibus
698 2191 741 2217 di-

166 2234 239 2262 viib.
256 2233 292 2259 Id
311 2231 359 2257 uhi
370 2231 476 2261 accepit
487 2229 506 2253 ix
522 2227 640 2252 arcellus
651 2241 659 2252 ,
679 2229 742 2249 cum

166 2265 263 2299 paucis
281 2263 463 2291 tribunorum
472 2259 597 2285 militum
616 2256 744 2283 collocu-

165 2301 214 2325 tus
224 2314 233 2326 ‚
253 2294 403 2325 electisque
424 2299 473 2326 per
482 2297 543 2319 eos,
568 2289 602 2315 ad
613 2295 671 2313 tem
682 2292 744 2312 tan-

167 2335 225 2356 tam
244 2327 377 2359 agendam
388 2324 604 2354 audendamque
615 2335 624 2347 ‚
635 2319 746 2345 idoneis

165 2358 386 2388 centurionibus
407 2352 623 2382 militibusque,
643 2352 670 2377 8(
691 2349 747 2375 sca·

168 2393 208 2420 lis
227 2392 258 2418 in
280 2389 396 2418 occulto
421 2386 611 2419 comparatis,
638 2382 747 2410 caeteris

750 164 863 196 signum
872 159 935 189 dari
944 156 1027 192 iubet
1034 170 1043 186 2
1062 158 1097 184 ut
1105 157 1220 182 mamre
1225 151 1331 184 corpo-

750 203 780 223 ra
789 198 924 223 curarent
938 189 1106 224 ‚quietique
1116 187 1230 214 darent.
1247 184 1340 210 noste·

753 228 783 254 in
804 225 1022 257 expeditionem
1039 220 1166 247 eundum
1176 216 1240 245 effe.
1255 215 1331 242 Inde

751 259 801 287 ubi
822 258 851 285 id
872 255 1011 293 temporis
1031 252 1120 289 visum
1133 266 1142 280 ‚
1161 256 1220 287 quo
1238 248 1272 275 de
1283 247 1331 273 dle

751 291 875 321 epulatis
893 294 951 321 jam
971 286 1032 312 vini
1047 284 1131 311 latias
1140 280 1335 315 principium-

753 329 808 380 que
828 320 918 348 somni
937 318 1023 348 csset3
1044 314 1215 375 ssfflunius
1225 310 1334 338 milites

1043 366 1051 379 ἲ

767 360 830 380 erre
849 353 934 380 scalas
951 349 1031 381 justit
1119 346 1156 373 acl
1172 343 1252 371 mille
1271 341 1343 368 fere-

753 386 856 412 armati
875 383 957 410 tenui
976 381 1089 412 aumine
1137 382 1168 403 er
1184 375 1332 403 silentium

753 424 788 444 eo
808 415 935 444 deduffl.
951 414 1011 440 Ubi
1028 412 1090 448 line
1109 385 1135 436 K

757 449 851 475 multu
871 447 954 480 primi
974 446 1124 471 evaierunt
1150 441 1181 467 lu
1200 443 1336 465 murum,

757 480 847 509 secuti
857 479 962 505 ordine
972 476 1036 506 alii3
1046 480 1136 507 quum
1144 472 1276 505 priorum
1285 475 1339 495 au·

760 513 840 539 dacia
850 510 945 537 dubiis
955 510 1040 535 etiam
1051 507 1180 533 animum
1190 503 1308 530 faceret.

1135 410 1229 440 repitu
1247 412 1278 432 ac
1289 410 1339 432 tu·

793 545 863 575 cap.
884 544 909 567 x
920 543 943 566 x
955 542 1017 566 IV.
1034 539 1098 571 Jnm
1117 535 1196 562 mille
1213 537 1339 561 armato-

762 582 832 603 rum.
844 578 975 606 ceperant
985 576 1093 603 partem
1104 586 1111 598 ‚
1127 573 1218 604 quum
1229 570 1338 591 caeterae

758 608 881 634 admotae
893 622 899 633 ,
923 600 1108 634 pluribusque
1127 599 1207 626 icalis
1224 599 1255 625 in
1275 602 1346 622 mu·

760 646 825 665 rum
844 637 1018 667 evadebant3
1038 634 1120 665 tigno
1140 631 1173 657 ab
1185 627 1339 660 Hexapylo

762 672 831 697 dato
845 677 852 695 t
863 675 922 701 quo
932 674 981 699 per
992 667 1136 698 ingentem
1148 661 1339 689 lolirudinem

761 707 823 728 erat
840 704 1009 733 perventum
1019 714 1030 726 .
1046 697 1114 729 quia
1123 700 1221 726 magna
1233 697 1295 724 pars
1305 690 1338 717 ln

763 733 892 760 turribus
911 730 1038 762 epulati,
1058 732 1109 755 aut
1131 725 1220 755 sopiti
1230 724 1299 750 vino
1311 728 1341 748 e-

762 771 828 791 rant
840 781 848 792 ‚
868 769 917 790 aut
927 762 1093 793 semigraves
1104 758 1251 793 potabant.
1270 760 1341 785 pau-

761 804 808 823 cos
821 801 913 822 tamen
936 799 1036 820 eorum
1046 788 1185 824 oppressos
1195 788 1225 814 in
1237 785 1341 813 cubill-

765 829 816 854 bus
827 826 1047 854 interfecerunt.
1066 824 1158 854 Prope
1167 817 1348 851 Hexapylon-

764 862 803 887 est
813 860 927 891 portula
943 862 1044 888 magna
1060 855 1088 880 vi
1101 852 1220 882 refringi
1230 854 1343 880 coepta:

765 892 795 927 ὃς
815 893 830 918 e
849 897 934 917 muro
951 895 987 915 ex
996 885 1155 918 composito
1165 884 1232 909 tuba
1242 882 1342 909 datum

766 924 877 955 lienum
896 926 977 952 eram
998 919 1027 946 St
1049 915 1263 949 lamundique‚
1281 918 1343 938 non

765 955 870 982 furtim
882 971 892 985 ,
901 953 948 980 sed
959 952 985 978 vi
997 955 1108 983 aperta,
1130 946 1280 978 gerebatur
1289 948 1346 974 res;

786 989 871 1018 uippe
890 986 926 1012 ad
937 982 1073 1016 Epipolas
1083 997 1092 1009 ‚
1108 981 1288 1011 frequentem
1297 981 1348 1002 cu-

780 1019 870 1046 todiis
886 1018 982 1044 iocum
993 1030 1002 1041 .
1018 1017 1187 1046 perventum
1195 1014 1257 1036 erat
1271 1016 1277 1033 :
1289 1012 1355 1033 ter-—

769 1050 911 1081 rendique
930 1046 1019 1079 magis
1039 1044 1130 1071 hostes
1140 1047 1241 1070 erant,
1260 1044 1347 1071 quam

771 1082 916 1110 fallendi3
934 1080 1008 1106 ficut
1026 1075 1123 1104 territi
1141 1072 1219 1099 sunt.
1237 1078 1302 1098 nam
1311 1070 1349 1096 si·

773 1114 833 1140 mul
852 1120 883 1139 ac
903 1112 1051 1138 turbarum
1061 1108 1100 1134 est
1110 1106 1227 1133 auditus
1235 1106 1347 1130 cantus,

773 1146 937 1176 clamorque
956 1140 1118 1169 tenentium
1146 1141 1244 1163 muros
1253 1150 1262 1163 ‚
1287 1139 1351 1167 par-

773 1183 886 1208 temque
896 1175 975 1202 urbis
986 1180 995 1205 ;
1014 1172 1112 1198 omnia
1120 1168 1214 1196 teneri
1223 1164 1352 1192 custodes

772 1209 838 1237 rati,
849 1208 900 1234 alii
912 1212 961 1239 per
970 1210 1084 1231 murum
1092 1202 1200 1233 fugere,
1209 1198 1260 1225 alii
1269 1196 1352 1223 salire

776 1241 810 1267 de
829 1246 931 1267 muro,
953 1234 1181 1268 praecipitarique
1200 1230 1285 1257 turba
1304 1234 1352 1259 pa·

774 1273 917 1298 ventium.
935 1270 1042 1299 Magna
1058 1272 1121 1299 pars
1140 1268 1234 1289 tamen
1253 1260 1354 1293 ignara

777 1304 853 1330 tanti
873 1301 1008 1327 malierat
1020 1304 1029 1330 3
1047 1299 1077 1325 St
1088 1294 1209 1329 gravatis
1219 1291 1354 1319 omnibus

779 1336 848 1361 vino
858 1334 1013 1365 somnoque
1023 1347 1031 1359 ‚
1041 1330 1070 1357 St
1081 1330 1111 1355 in
1121 1327 1201 1353 vastae
1210 1324 1355 1359 magnitu-

778 1366 856 1393 dinis
874 1365 947 1391 urbe
959 1379 967 1392 ‚
987 1361 1112 1396 partium
1122 1357 1204 1385 sensu
1216 1363 1276 1382 non
1287 1355 1359 1382 tatis

778 1398 942 1431 pertinente
960 1396 990 1421 in
1009 1393 1117 1420 omnia.
1143 1390 1198 1416 sub
1215 1388 1278 1414 luce
1296 1387 1360 1412 He-

778 1430 885 1467 xapylo
903 1426 1039 1455 effi-aeto,
1058 1422 1212 1451 Marcellus
1222 1418 1359 1445 omnibus

780 1461 871 1495 copiis
879 1460 979 1486 urbem
988 1455 1133 1489 ingressus,
1141 1451 1279 1480 excitavit
1287 1456 1359 1476 con-

779 1494 925 1523 vertitque
943 1494 1041 1516 omnes
1061 1488 1096 1514 ad
1116 1491 1195 1511 arma
1204 1480 1338 1520 capienda
1350 1496 1360 1510 ‚

781 1531 930 1557 opemque.
940 1522 962 1547 fi
972 1526 1058 1549 Quam
1067 1517 1175 1551 possent
1188 1532 1196 1545 ‚
1205 1521 1260 1547 sam
1273 1516 1360 1545 capta

766 1559 871 1589 'prone
888 1554 953 1582 urbi
972 1551 1129 1579 ferendam.
1148 1545 1311 1580 Epicydes,
1324 1543 1361 1570 ab

781 1587 879 1616 Insula
890 1603 898 1616 ‚
911 1591 995 1613 auam
1004 1582 1056 1616 ipfi
1067 1580 1167 1609 Nason
1178 1582 1281 1605 vocant
1291 1592 1300 1604 ,
1321 1576 1363 1601 cl-

781 1627 844 1647 tato
856 1617 1001 1651 profectus
1018 1614 1131 1648 agmine
1143 1619 1152 1644 ς
1170 1609 1245 1637 haud
1256 1607 1363 1635 dubius

801 1652 854 1678 uiti
875 1654 980 1683 paucos
998 1653 1049 1679 per
1057 1642 1261 1678 negligentiam
1269 1639 1369 1666 custo-

805 1690 853 1710 um
871 1678 1053 1713 transgressos
1069 1682 1183 1704 murum
1195 1670 1366 1705 expulsurus

783 1715 859 1742 foret
872 1719 879 1744 ς
892 1709 1112 1739 occurrentibus
1121 1706 1229 1741 pavidis
1237 1720 1246 1734 ‚
1258 1703 1374 1731 tumul-t

787 1753 848 1774 tum
859 1749 962 1774 augere
971 1748 1018 1769 eos
1029 1759 1037 1772 ‚
1048 1741 1183 1767 distitans
1192 1754 1200 1766 .
1211 1736 1241 1764 8<
1249 1735 1362 1766 majora

785 1785 816 1805 ac
836 1776 1013 1803 terribiliora
1039 1778 1107 1799 vero
1135 1769 1236 1797 afferre
1252 1773 1261 1799 3
1288 1765 1364 1799 post-

788 1816 871 1842 quam
889 1806 1038 1840 conspexit
1055 1802 1153 1830 omnia
1170 1802 1246 1828 circa
1258 1798 1367 1830 Epipo-

787 1843 829 1867 las
847 1840 933 1866 armis
959 1835 1097 1869 completa
1109 1850 1118 1864 ,
1144 1831 1271 1859 laceflito
1299 1834 1368 1856 tan·

790 1877 851 1900 tum
863 1870 942 1896 hoste
960 1868 1056 1902 paucis
1075 1864 1224 1892 missilibus
1243 1866 1322 1888 retro
1334 1863 1365 1886 in

791 1903 984 1931 Achradinam
1001 1904 1101 1930 agmen
1121 1893 1282 1923 convertit:
1303 1898 1364 1917 non

790 1942 847 1963 tam
858 1935 914 1960 vim
927 1949 936 1961 ,
952 1930 1227 1959 multitudinemque
1243 1924 1367 1951 hostium

790 1971 922 1993 metuens
936 1981 944 1994 ,
973 1969 1057 1997 quam
1084 1967 1121 1987 ne
1150 1964 1207 1991 qua
1234 1954 1379 1983 intestina·

794 2000 872 2025 fraus
887 2003 937 2030 per
954 1994 1128 2021 occationem
1138 1991 1266 2017 oriretur
1277 2004 1283 2016 ,
1293 1987 1371 2014 clau-

794 2030 893 2062 sasque
921 2029 997 2053 inter
1017 2024 1174 2051 tumultum
1200 2019 1371 2047 Achradina

791 2068 819 2089 at
842 2068 877 2087 ue
893 2057 995 2087 lnsulae
1013 2056 1156 2083 inveniret
1167 2057 1271 2084 pertas.
1291 2051 1373 2077 Mar-

795 2100 825 2120 ce
839 2094 883 2119 ius
901 2097 934 2118 ut
953 2090 1057 2116 moenia
1070 2084 1203 2120 ingressus
1214 2100 1223 2114 ‚
1240 2088 1276 2109 ex
1291 2081 1374 2112 supe-

793 2125 919 2151 rioribus
936 2122 1007 2148 locis
1030 2119 1146 2147 urbem,
1166 2115 1296 2143 omnium
1314 2114 1375 2141 fer.

797 2164 841 2183 me
868 2156 918 2182 illa
944 2152 1107 2184 tempestate
1133 2146 1370 2179 pulcherrimam,

800 2187 950 2219 subjectam
974 2184 1067 2211 oculis
1086 2181 1158 2208 vidit
1170 2196 1177 2209 .
1198 2174 1373 2210 illacrymas-

797 2220 825 2247 se
840 2220 950 2246 dicitur
963 2225 969 2242 t
983 2216 1087 2248 partim
1099 2211 1206 2244 gaudio
1216 2215 1302 2238 tantae
1312 2214 1376 2266 pef-

798 2256 913 2284 petratae
937 2248 999 2274 rei.
1026 2245 1131 2278 partim
1156 2242 1263 2269 vetusta
1279 2241 1377 2274 glora

797 2283 885 2309 urbis.
914 2278 1133 2307 Atheniensium
1154 2274 1249 2301 classes
1265 2273 1376 2299 demer-

800 2316 835 2343 sae
846 2331 854 2342 ,
871 2314 901 2340 8<
918 2313 977 2339 duo
1005 2310 1133 2339 inaentes
1151 2305 1293 2332 exercitus
1309 2308 1375 2329 cum

797 2345 915 2379 duobus
941 2341 1096 2370 clai-illimis
1123 2338 1240 2365 ducibus
1266 2335 1353 2361 deleti
1365 2348 1375 2362 ‚

804 2376 1008 2408 occurrebant:
1027 2373 1056 2402 δι
1076 2376 1121 2401 tet
1140 2370 1214 2398 bella
1233 2373 1296 2396 cum
1307 2367 1377 2392 car-
