1414 2655
164 125 393 201 generantque,
410 164 447 190 ut
463 162 494 190 ὃ(
504 161 650 189 cumanus
665 167 700 187 eo
711 160 753 187 se-

167 200 256 222 natus
274 199 386 222 veniret
394 195 433 221 ad
442 192 666 221 consultandum
676 200 751 219 com-

170 227 301 254 muniter
312 243 321 256 ‚
331 233 365 253 ut
374 226 487 254 eosdem
497 231 618 259 uterque
628 225 751 260 populus

169 256 266 286 socios
275 258 423 290 hostesque
434 258 567 285 haberet:
588 257 749 290 praendium

158 289 210 317 -ibi
228 287 437 317 armatumsese
445 290 595 317 babituros
607 306 615 318 .
633 294 670 315 ne
679 288 750 320 quid

165 322 205 348 ab
233 324 368 349 Romano
389 323 514 348 Poenove
567 321 652 348 riculi
671 322 746 347 ellet.

168 354 293 381 cumani
322 356 511 387 (quamquam
542 353 654 384 uspeeta
673 351 751 378 fraus

164 391 232 413 erat
270 386 347 413 nihil
365 388 489 413 abnuere
504 394 512 417 ς
529 385 571 412 lta
591 383 749 422 tegi-fallax

162 424 223 444 con
236 417 320 444 ilium
331 418 404 450 poste
414 418 481 444 rati.
490 417 612 445 Interim
622 418 749 442 T1.sem-

166 450 291 481 pronius
309 450 410 477 consul
429 450 575 477 Romanus
595 446 726 475 sinuessa:
737 464 746 476 ‚

166 487 230 513 quo
248 481 285 508 ad
303 481 532 508 conveniendum
550 481 625 508 diem
644 479 747 515 ,cdix-e-

164 517 212 538 rat
231 528 240 541 ‚
258 514 387 541 exercitu
406 514 546 541 lustrato,
565 511 748 544 tranigreslus

167 543 350 571 vulturnum
361 546 469 573 flumen
479 560 488 574 ‚
508 545 583 572 circa
594 545 747 579 Liternum

163 575 255 603 castra
266 575 372 608 posuit.
390 577 432 604 lbi
444 592 453 605 .
471 578 540 609 quia
548 575 750 602 otioiastativa

169 613 266 636 erant,
280 610 381 635 crebro
391 609 544 636 decurrere
553 608 658 634 milites
668 612 750 639 coge-

159 639 229 668 bat,
242 645 275 666 ut
287 640 397 667 tirones
421 645 455 666 ea
464 641 586 675 maxima
597 646 659 674 pars
669 640 749 664 volo.-

168 672 322 703 numerat)
335 671 409 698 affue
423 678 520 698 terent
530 672 609 706 ligna
621 670 711 703 sequi,
720 669 748 696 &

169 702 204 730 in
224 703 284 730 acie
293 703 444 736 agnoscere
453 704 570 730 ordines
579 704 655 729 1u0s.
672 703 750 739 inter

167 741 234 767 quae
255 737 379 762 maxime
395 736 489 762 inerat
508 741 570 762 tum
587 740 655 761 cura
673 734 748 761 duci,

169 766 269 799 itaque
289 768 389 799 legat'ss
411 767 593 799 tribuumque
614 771 750 798 praecepe-

167 803 216 825 rat
225 814 233 828 ,
254 805 288 824 ne
297 804 356 832 qua
365 799 543 832 exprobratio
555 798 689 831 cuiquam
700 802 750 821 ve-

168 830 240 856 reris
274 834 381 857 ortunae
399 829 570 864 discordiam
589 830 666 856 inter
676 828 751 866 ordi-

172 867 224 888 mr
246 867 330 889 erere!
341 871 350 889 .·
365 867 453 888 vetus
462 862 542 888 miles
552 861 641 887 tironi
654 878 662 891 ‚
681 860 752 886 inber

167 898 210 918 ‘llo
225 893 274 919 ont·
283 892 345 927 fise
362 894 508 927 exaequari
523 893 633 927 fineret.
658 897 750 918 omnes

162 923 245 958 fictis
254 925 385 959 honestos,
392 922 594 960 generososque
605 926 750 952 ducerent,

167 957 276 1016 ῗιίῠιις
304 963 387 983 arma
401 956 477 990 sua=
493 964 615 992 tgnaque
631 956 751 990 populus

203 995 322 1015 omanus
347 990 466 1023 commisi
489 994 524 1015 et.
549 995 611 1021 quae
626 988 750 1021 fortuna

161 1017 298 1086 Jassiffit
309 1021 424 1054 itafieri
433 1039 441 1052 ‚
451 1023 566 1048 eandem
578 1027 620 1053 cog
626 1026 667 1046 ere
678 1020 760 1054 tueri

185 1068 191 1078 .
234 1059 293 1079 um.
312 1054 352 1080 Ea
371 1060 431 1080 non
451 1055 559 1086 ma50re
569 1060 637 1080 cura
669 1058 750 1078 raece-

167 1088 221 1116 pta
240 1085 275 1111 ab
285 1085 406 1112 ducibus
415 1085 482 1112 sunt
491 1093 575 1119 quam
586 1084 600 1111 a
611 1085 649 1110 mi
664 1084 750 1110 itibus

166 1115 316 1144 observata
326 1133 334 1146 ‚
355 1117 490 1150 brevique
503 1122 583 1144 tanta
593 1115 750 1143 concordia

163 1149 336 1186 coaluerant
351 1150 483 1175 omnlum
493 1149 581 1175 animi
594 1165 602 1178 ,
618 1154 651 1175 ut
662 1153 751 1182 prope

168 1186 203 1207 m
224 1181 404 1207 oblivionem
423 1182 554 1211 veniret,
570 1185 752 1213 quaexcon-

167 1212 287 1239 ditione
313 1213 435 1246 quisque
459 1213 526 1240 effet
545 1213 626 1240 miles
646 1212 749 1249 fastus:

168 1244 240 1271 Haec
249 1246 346 1278 agenti
358 1245 487 1272 Graccho
501 1262 510 1274 ,
530 1245 616 1279 legati
627 1245 751 1270 cumam

169 1277 352 1304 nunciarunt
363 1294 371 1307 ,
388 1284 449 1310 quae
457 1276 473 1303 a
485 1277 636 1310 campanis
645 1276 751 1314 legatio

166 1314 273 1338 paucos
289 1315 358 1336 ante
369 1309 430 1335 dies
439 1309 556 1336 venisset
564 1325 573 1338 ‚
591 1309 621 1336 St
631 1307 703 1340 quld
716 1313 751 1333 us

165 1340 176 1367 i
193 1340 221 1378 ,fi
231 1339 448 1372 respondiflcnt.
458 1342 603 1368 Triduum
613 1340 673 1374 post
685 1345 750 1365 eum

192 1378 247 1399 iem
257 1372 358 1399 festum
367 1373 436 1401 efl'e:
450 1379 511 1400 non
520 1372 647 1400 senatum
658 1372 750 1409 solum

169 1410 287 1431 omnem
299 1405 339 1431 ibi
348 1406 480 1432 futurum
488 1421 497 1435 ‚
508 1404 557 1432 sed
566 1405 654 1432 castra
664 1409 749 1430 etiarn

168 1435 202 1463 Sc
213 1438 371 1464 exercitum
382 1439 569 1470 Campanum.
593 1436 750 1463 Gracchus,

165 1467 250 1499 iustis
268 1470 405 1496 cumanis
421 1469 519 1496 omnia
527 1475 564 1495 ex
574 1468 688 1507 agrisin
701 1474 751 1493 ur-

166 1499 233 1527 bem
252 1501 409 1528 convehere
426 1501 456 1529 8(
477 1507 590 1528 manere
598 1505 677 1536 intra
688 1505 751 1536 mu-

164 1538 216 1558 ros
225 1549 234 1562 ‚
256 1532 317 1565 ipse
327 1534 422 1565 pridie
431 1539 517 1566 quam
528 1533 632 1559 statum
642 1531 749 1558 lacrm-

164 1564 246 1591 cium
265 1565 418 1598 campanis
433 1565 519 1597 efl‘et3
537 1566 640 1591 Cumas
656 1569 751 1590 movet

165 1597 269 1624 castra.
302 1598 399 1623 Hamae
416 1598 486 1624 inde
503 1597 560 1624 tria
578 1596 670 1623 millia
689 1596 750 1627 pas-

165 1627 254 1655 suum
270 1628 387 1656 absunt.
415 1630 479 1662 Jam
499 1628 637 1661 Campani
647 1635 681 1654 eo
692 1628 751 1654 fre-

164 1665 290 1692 quentes
307 1667 342 1687 ex
360 1661 521 1693 compofito
541 1665 732 1687 convenerant
743 1677 750 1690 ‚

166 1697 222 1719 nec
241 1694 343 1725 proml
365 1693 435 1720 inde
453 1694 485 1720 in
503 1693 620 1719 occulto
639 1693 752 1719 Marius

167 1724 268 1751 Alfius
279 1724 491 1752 Medixtuticus
507 1726 518 1756 (
529 1724 653 1751 summus
663 1725 749 1757 magi-

167 1755 273 1784 stratus
283 1762 346 1783 erat
355 1757 519 1791 campanis)
537 1764 601 1783 cum
611 1762 751 1789 quatuor-

165 1789 261 1816 decim
289 1789 418 1815 millibus
436 1794 613 1815 armatorum
631 1787 752 1814 habebat

165 1820 299 1849 castra,in
310 1819 451 1847 iaci-fficio
460 1819 664 1853 apparando&
675 1820 752 1846 inrer

162 1851 197 1879 id
207 1852 379 1880 instruendae
387 1852 644 1884 fraudialiquanto
655 1851 752 1877 inten-

166 1883 241 1913 tior,
250 1891 333 1917 quarn
343 1885 508 1913 muniendis
515 1884 683 1920 castris-aut
693 1884 749 1919 ulli

169 1915 294 1943 militari
322 1918 413 1949 operi.
443 1917 589 1943 Triduum
611 1916 750 1942 laetifica·

167 1951 232 1976 tum
251 1949 287 1974 ad
306 1949 422 1976 Hamas.
441 1949 625 1976 Nosturnum
635 1952 696 1974 erat
709 1948 751 1974 sa-

165 1986 249 2006 crum
267 1996 274 2008 ‚
297 1980 340 2007 ita
359 1986 394 2008 ut
412 1986 480 2007 ante
497 1980 617 2006 mediam
636 1979 748 2006 noctem

165 2012 376 2045 compleretur.
410 2013 487 2039 Huic
509 2012 655 2039 Gracchus
681 2011 749 2037 inii-

168 2043 309 2070 diandum
330 2050 386 2071 tem
408 2045 455 2071 ori
466 2049 546 2071 ratus
558 2060 566 2072 ,
582 2043 749 2070 custodibus

167 2076 206 2103 ad
245 2080 324 2102 ortas
334 2083 371 2108 po
384 2077 435 2103 itis
445 2092 454 2104 ‚
475 2082 512 2102 ne
523 2075 587 2107 quis
595 2075 749 2102 enunciare

166 2113 208 2140 po
231 2113 258 2134 et
271 2113 364 2140 coepta
374 2123 382 2136 ,
401 2108 430 2135 St
441 2108 477 2133 ab
486 2108 596 2134 decima
606 2107 665 2133 dici
677 2107 748 2134 hora

165 2139 273 2166 coaffis
290 2140 432 2166 militibus
443 2145 562 2173 corpora
570 2145 687 2166 curare,
705 2138 749 2166 so·

169 2176 295 2204 mnoque
306 2178 420 2203 operam
431 2171 507 2200 dare,
516 2176 550 2197 ut
561 2171 660 2205 primis
671 2175 749 2197 tene·

165 2202 228 2229 bris
237 2204 390 2230 convenire
398 2203 434 2230 ad
443 2203 555 2234 signum
560 2202 676 2239 polient
686 2218 693 2229 ‚
706 2203 748 2229 vl-

187 2234 236 2261 ilia
257 2234 347 2261 {ierme
364 2236 454 2268 prima
472 2234 540 2261 tolli
558 2234 637 2265 Jussxt
656 2233 745 2266 figna,

191 2266 324 2300 lentique
343 2266 488 2299 profectus
506 2266 619 2299 agmine
630 2282 638 2295 ‚
655 2272 744 2301 quum

164 2298 204 2325 ad
229 2299 333 2325 Hamas
349 2299 441 2325 media
458 2298 542 2325 noste
561 2297 724 2329 pervcniflet
737 2314 746 2327 ‚

163 2329 255 2356 tama
273 2331 432 2362 Campana,
449 2335 481 2357 ut
493 2330 522 2356 in
535 2329 688 2362 pervigilio
697 2336 747 2355 ne-

164 2360 256 2398 glecta
272 2377 281 2390 ,
300 2361 384 2388 fimul
403 2362 537 2388 omnibus
555 2362 647 2399 porti-s
666 2361 746 2388 inva-

167 2392 234 2422 dit:
250 2393 324 2423 allos
340 2394 443 2423 somno
463 2393 582 2426 stratos,
601 2394 672 2422 auos
682 2399 746 2425 per-

636 115 935 154 T.L1vrr

800 167 915 194 pen-ato
923 161 1003 190 sacro
1014 162 1136 190 inermes
1146 162 1298 192 redeuntes
1307 179 1316 194 2
1326 164 1381 192 ob-

801 200 926 222 truncat.
945 195 1097 222 hominum
1122 201 1157 222 eo
1177 197 1307 224 tumultu
1326 204 1380 223 no*

800 225 904 253 sturno
916 225 982 253 ccesa
994 228 1057 259 plus
1068 228 1127 254 duo
1137 227 1238 256 millia,
1245 235 1306 256 cum
1316 227 1381 261 lpso

799 258 872 284 duce
889 259 987 295 Mario
1006 259 1097 286 Alfio.
1115 264 1196 291 capta
1212 258 1280 287 sunt
1298 260 1378 294 ligna

799 291 938 317 militaria
967 297 1073 318 uatuor
1082 291 1111 318 8<
1125 291 1257 322 triginta.

832 323 903 355 cap.
922 324 948 348 x
993 324 1019 348 x
1030 324 1053 347 V
1066 324 1091 349 1.
1119 323 1267 349 Gracchus
1283 321 1380 349 minus

798 359 913 381 centum
943 355 1068 381 militum
1086 355 1194 386 jac'tura
1215 355 1312 381 castris
1329 354 1382 380 bo-

798 387 881 412 stium
900 387 1011 420 potitus
1021 403 1030 416 ‚
1050 388 1154 413 cumas
1163 385 1193 412 se
1203 392 1326 419 propere
1337 391 1382 412 re·

796 419 871 450 cepit
883 425 892 449 ς
910 419 946 444 ab
960 418 1104 444 Annibale
1114 424 1258 448 metuens,
1270 418 1322 451 qui
1332 416 1380 444 su-

798 456 846 479 per
856 451 981 480 Capuam
994 451 1023 476 in
1036 449 1144 476 Tifatis
1152 450 1273 476 habebat
1282 449 1380 476 castra.

799 481 858 507 Nec
879 488 943 508 eum
955 482 1075 514 provida
1087 481 1182 508 futuri
1193 481 1305 508 fefelllt
1315 481 1380 513 opi-

799 514 859 538 nio.
880 520 945 540 nam
956 513 1040 540 simul
1052 516 1176 546 Capuam
1189 521 1222 540 ea
1233 514 1325 541 clades
1337 512 1377 540 est

797 546 933 572 nunciata
945 563 952 575 ‚
972 551 1050 572 ratus
1063 546 1208 574 Annibal,
1220 547 1254 572 ab
1265 551 1296 571 re
1307 546 1378 572 bene

796 577 871 609 gesta
889 577 1045 604 insolenter
1065 577 1329 604 12tumexercitum
1342 576 1380 604 tl-

799 615 902 634 ronum
921 616 1020 640 magna
1030 615 1063 635 ex
1074 615 1154 642 parte
1163 607 1378 640 servorumque,

796 638 964 672 spoliantem
982 641 1071 677 victos
1083 657 1091 670 ,
1109 641 1273 673 praedasque
1294 645 1379 674 agen-

798 679 854 699 tem
866 689 873 702 ‚
885 674 921 700 ad
932 675 1033 699 Hamas
1045 675 1073 700 ie
1085 674 1270 700 inventurum
1282 678 1291 704 ·‚
1308 673 1382 699 cita-

797 709 858 730 tum
868 710 966 736 agmen
977 711 1078 739 praeter
1088 706 1210 737 capuam
1221 705 1313 736 rapit:
1326 703 1379 730 ob.

799 737 915 772 viosque
934 743 968 762 ex
990 736 1055 769 fuga
1074 738 1286 769 campanorum
1305 735 1376 762 dato

798 769 928 800 praesidio
939 770 1064 800 capuam
1075 768 1160 797 duci,
1174 768 1284 795 saucios
1293 768 1374 794 vehi-

797 799 869 826 culis
898 802 987 827 ortari
999 801 1091 831 jubet.
1111 799 1170 832 ipse
1182 800 1282 827 Hamis
1291 804 1379 826 vacua

796 832 832 858 ab
841 807 968 858 hofflibus
977 833 1074 861 castra,
1084 839 1135 859 nec
1144 833 1296 865 quicquam
1306 838 1378 863 prze-

799 868 843 890 ter
856 865 976 890 recentis
988 865 1102 897 vestigia
1111 865 1196 891 caedis
1205 880 1214 893 ‚
1235 865 1379 894 strataque

798 895 893 927 panim
903 903 1022 928 corpora
1031 897 1173 923 sociorum
1184 895 1374 922 invenlt.Au.-

797 927 889 954 stores
898 933 979 954 erant
991 929 1152 960 quidammt
1164 928 1300 960 protinus
1311 926 1381 953 inde

799 961 902 986 Cumas
911 960 1028 986 duceret
1040 977 1048 987 .
1067 961 1223 990 urbemque
1232 966 1249 985 o
1271 964 1381 992 pugna·

797 997 851 1017 ret.
870 992 904 1017 Id
926 999 1095 1023 quamquam
1108 992 1184 1018 haud
1195 999 1221 1017 m
1265 991 1307 1017 icc
1318 993 1382 1016 An-

795 1023 873 1049 nlbal
884 1025 1023 1055 cupiebat,
1033 1029 1065 1050 ut
1076 1024 1142 1055 quia
1154 1023 1307 1055 Neapolim
1318 1027 1380 1048 non

799 1061 933 1087 potuerat
944 1072 952 1084 ‚
974 1057 1077 1082 cumas
1087 1055 1194 1084 saltem,
1206 1054 1380 1081 maritimam

799 1087 910 1115 urbem,
923 1087 1039 1114 haberet
1052 1094 1060 1119 ς
1078 1091 1183 1116 tamen,
1198 1087 1266 1119 quia
1275 1091 1380 1119 praeter

797 1125 874 1145 arma
893 1119 968 1146 nihil
990 1118 1083 1146 secum
1101 1119 1181 1146 miles
1199 1120 1304 1153 raptim
1314 1117 1378 1144 asto

797 1151 915 1183 agmino
924 1152 1067 1178 exrulerat
1076 1168 1083 1180 ,
1096 1156 1175 1177 retro
1191 1151 1219 1176 in
1235 1151 1321 1186 calita
1332 1147 1380 1175 su-

797 1189 848 1215 pra
868 1182 969 1209 Tifata
987 1183 1016 1210 se
1026 1189 1088 1210 rece
1108 1183 1141 1209 it.
1158 1183 1228 1209 inde
1241 1182 1378 1214 fatigatus

799 1215 1010 1248 Campanorum
1022 1222 1085 1246 prec
1100 1215 1150 1242 bus
1160 1231 1168 1244 ‚
1185 1213 1316 1247 sequenti
1329 1212 1378 1240 die

797 1253 862 1273 cum
881 1248 961 1274 omni
974 1252 1110 1279 apparatu
1120 1246 1317 1280 oppugnandae
1328 1249 1378 1270 ur-

798 1279 844 1304 bis
859 1295 868 1308 ,
897 1280 1001 1305 Cumas
1016 1279 1091 1317 redit
1106 1286 1112 1303 :
1132 1278 1379 1311 perpopulatoque

797 1317 883 1368 {5332
887 1308 1252 1377 ⁶12¹<¹k²1¹3⁰ffi¹2¹¹3r5sscff13¹3⁵
1260 1307 1378 1368 ῗᾛέξ

797 1375 967 1401 verecundia
993 1374 1023 1401 in
1043 1375 1097 1401 tali
1117 1373 1276 1400 necestitate
1296 1371 1378 1399 dese-

796 1407 880 1433 rendi
891 1407 980 1433 socios
990 1422 998 1435 ,
1009 1407 1193 1441 implorantes
1204 1405 1288 1431 fidem
1297 1402 1377 1430 suam

798 1439 953 1471 populique
963 1439 1088 1465 Romani
1102 1438 1325 1468 nibstitit‚quam
1335 1433 1377 1461 sa-

796 1471 833 1496 tis
852 1470 945 1497 fidens
954 1471 1104 1497 exercitui.
1124 1470 1182 1496 Nec
1193 1469 1268 1495 alter
1276 1466 1378 1494 consul

797 1503 901 1528 Fabius
913 1520 920 1531 ‚
942 1504 991 1534 qui
1010 1503 1047 1529 ad
1057 1502 1138 1528 Cales
1149 1501 1236 1527 castra
1247 1500 1377 1529 habebat,

797 1535 976 1561 vulturnum
998 1534 1106 1561 flumen
1126 1533 1274 1560 traducere
1292 1531 1380 1557 aude-

798 1566 846 1593 bat
864 1566 1020 1593 exercitum
1034 1574 1040 1591 t
1059 1570 1213 1596 occupatus
1223 1564 1315 1600 primo
1323 1569 1378 1600 ⁸au-

794 1597 890 1631 spiclis
917 1598 1078 1630 repetendis
1097 1605 1105 1629 3
1130 1597 1196 1634 ‹lei-n
1219 1595 1378 1627 prodigiis,

796 1637 859 1662 quae
870 1630 927 1657 alia
938 1631 1022 1662 super
1030 1630 1084 1656 alia
1095 1629 1315 1656 nunciabantur,
1327 1631 1378 1652 ex·

798 1663 948 1694 piantique
969 1669 1000 1688 ea
1021 1661 1100 1687 haud
1122 1660 1206 1687 facile
1217 1659 1301 1686 litate
1312 1665 1379 1685 aru-

796 1692 884 1727 spices
894 1693 1113 1727 respondebant.

827 1728 897 1758 Cap.
912 1727 937 1751 x
948 1728 971 1750 x
984 1726 1009 1750 Χ
1020 1726 1044 1750 V
1059 1727 1072 1752 1
1082 1726 1105 1752 1.
1124 1725 1175 1751 Hae
1183 1720 1380 1761 cataste-quum

797 1759 918 1784 Fabium
931 1762 1079 1785 tenerent,
1092 1758 1150 1783 Sem
1156 1761 1274 1787 pronius
1284 1760 1315 1780 ln
1325 1754 1378 1780 ob·

797 1790 908 1816 iidicne
928 1795 988 1816 erat
1001 1796 1008 1820 3
1027 1790 1055 1816 ὃς
1078 1789 1132 1814 'am
1143 1787 1379 1823 operibusoppu-

796 1822 947 1856 gnabatur.
983 1821 1068 1847 adver
1083 1821 1117 1847 'us
1130 1820 1254 1858 ligneam
1276 1823 1379 1850 mgen-
1413 1843 1414 1848 ¹

797 1861 854 1881 tem
873 1856 1014 1880 admotam
1025 1853 1089 1879 urbi
1101 1869 1109 1881 ‚
1125 1852 1208 1878 allam
1221 1855 1329 1877 turrem
1340 1853 1377 1875 ex
1413 1856 1414 1864 ¹

799 1885 862 1917 ipso
888 1893 971 1912 muro
992 1885 1126 1911 excitavit
1147 1881 1247 1910 consul
1270 1883 1380 1908 Roma·

798 1918 1016 1955 nus‚aliquanto
1035 1917 1187 1954 altio-rem:
1207 1914 1377 1950 quia-muro

796 1948 866 1988 s÷¹¹³⁵
885 1944 1378 2010 vensis&austrasias

796 1982 1069 2044 lslzgisseffldfbusque
1079 2027 1088 2041 ‚
1107 2011 1135 2039 St
1148 2010 1256 2048 cart-eris
1265 2007 1379 2034 miffili-

799 2045 1380 2107 2³25„⁹530aszz¹s>5⁶aaeazsfffisssx

799 2109 942 2135 movendo
958 2106 1122 2138 adjunctam
1139 2111 1222 2144 muto
1240 2105 1380 2141 viderunt

799 2144 920 2178 turrem,
931 2140 1038 2166 facibus
1048 2138 1212 2175 ardentibus
1220 2137 1380 2194 plurximum

798 2171 986 2236 ἓέἓᾛὲἓῑῖῗὲ
995 2174 1194 2240 ᾛῖ-Ἆὶἳῗέἐῖὲὲ·
1207 2173 1381 2239 ffatim

799 2232 1382 2320 ‘3{ama‘aaagefaasaeg‘aessfss

799 2295 1380 2368 {iiiiaffi‘ffiss‘ssuagfgfflarsffia

797 2361 1083 2423 ‘iili‘ssffl‘tkssslssssff
1095 2356 1378 2450 {sasssinflffffigfigffi
