1414 2655
379 94 411 129 L
439 104 454 130 ι
480 104 503 128 ι
528 102 552 128 ι
575 104 603 130 ι
648 94 910 131 xxxviii.

7 147 12 152 ’
23 143 71 174 ‘ut
82 139 195 167 mlffiiia
205 142 320 167 tantum
330 139 468 168 vitarent.
479 140 550 172 pede
561 140 621 167 col-

0 155 100 209 ,fflato
112 179 172 199 non
185 173 351 200 viderentur
362 173 528 210 pugnaturi.
542 172 616 211 Mis-

27 205 140 232 *nulibus
178 211 213 231 ex
233 204 389 231 intervallo
408 205 467 231 loci
487 204 618 237 praelium

39 234 218 263 commissum
238 237 299 269 est;
317 237 412 269 primo
432 243 501 269 par,
516 236 619 263 Gallos

39 268 107 297 loco
124 269 299 300 adjuvante,
319 270 467 295 Romanos
483 269 621 295 varietate

13 310 20 326 :
41 300 74 328 δε
93 302 175 334 copia
194 301 328 327 telorum.
346 300 523 327 Procedente
532 305 622 326 certa-

0 331 19 363 ,Ἦ
42 332 121 358 mine
133 333 207 359 nihil
220 333 276 364 jam
286 333 360 365 aequi
373 338 444 358 erat.
462 331 541 359 scuta
552 332 616 357 lon-

0 345 14 409 ἶ
40 369 75 396 ga
85 380 92 393 2
104 370 237 391 caeterum
246 364 282 391 ad
292 364 511 398 amplitudinem
521 370 623 395 corpo-

0 402 9 422 ,-’
40 402 108 422 rum
119 402 218 427 parum
227 396 295 424 lata,
305 396 335 422 8(
343 403 375 422 ea
385 395 446 427 ipsa
457 396 553 427 plana,
564 401 621 420 ma-

0 424 6 468 }
41 428 73 454 le
94 428 227 459 tegebant
237 427 349 454 Gallos.
368 428 495 459 Necjam
506 427 564 453 tela
572 427 622 452 ha-

44 458 151 485 bebant
170 475 180 488 ‚
206 464 309 491 praeter
327 459 458 491 gladios:
477 465 602 491 quorum
614 475 622 489 ‚

1 492 3 502 '¹
41 497 133 523 quum
155 497 270 526 manum
279 492 369 518 hostis
378 497 437 517 non
450 491 620 519 consereret,

41 522 143 549 nullus
156 524 223 549 ulus
232 527 304 549 erat.
323 523 413 552 Saxis,
425 529 477 549 nec
487 523 618 550 modicis,

38 558 74 580 nt
94 561 157 586 quae
177 561 236 580 non
248 554 445 586 praeparassent
455 570 464 583 ‚
483 552 531 580 sed
541 554 621 585 quod

39 586 87 613 cui
110 593 145 612 ue
166 590 270 613 temere
289 586 445 618 trepidanti
456 586 491 612 ad
505 592 620 611 manum

41 624 95 644 ven
111 617 168 645 ffet,
178 623 212 644 ut
222 618 337 645 insueti,
349 624 401 644 nec
410 622 478 646 arte,
490 623 542 643 nec
551 617 622 644 viri-

42 650 96 676 bus
107 650 278 681 adjuvantes
287 649 386 678 ictum,
394 649 560 676 utebantur.
580 647 622 674 sa-

40 681 143 714 gittis,
160 681 265 714 glande
281 696 289 709 2
315 681 418 712 jaculis
437 681 565 710 incauti,
585 681 620 706 ab

44 714 126 741 omni
137 719 214 744 parte
224 712 444 746 configebantur
457 720 462 737 :
483 719 535 738 nec
545 712 619 744 quid

42 750 161 777 agerent
170 761 179 773 ‚
198 746 242 771 ira
250 745 280 771 Sc
290 751 391 777 pavore
402 745 550 770 obcaecatis
560 745 623 769 ani-

43 778 99 803 mis
107 793 116 806 ‚
126 778 283 803 cernebant
294 784 301 801 τ
320 776 349 804 Se
359 781 440 802 erant
450 774 618 806 deprehenfi

39 812 144 866 §encre
181 814 263 840 ugnae
274 824 283 837 ,
301 807 332 834 in
342 808 421 840 quod
433 808 550 833 minime
561 808 622 839 apti

58 845 123 866 unt.
171 846 215 865 am
232 839 470 872 quemadmodum
480 840 622 867 cominus,

38 871 93 897 ubi
112 871 232 898 invicem
254 872 312 903 pati
329 878 361 898 ac
380 870 485 896 inferri
506 871 623 897 vulnera

38 903 108 930 licet
126 918 136 931 ‚
155 903 286 929 accendit
312 903 354 929 ira
372 902 482 928 animos
500 908 598 928 eorum
613 908 622 933 3

40 935 84 961 lta
104 934 155 961 ubi
176 940 212 960 ex
229 934 499 966 occult0&procul
508 934 620 960 levibus

43 966 110 993 telis
120 966 307 993 vulnerantur
317 983 326 996 ‚
346 972 398 992 nec
406 972 465 997 quo
476 971 562 992 ruant
572 974 624 993 cae-

44 1004 81 1024 co
91 998 209 1030 impetu,
220 998 325 1024 habent
338 1003 346 1028 ς
365 997 443 1024 velut
452 996 520 1023 ferae
530 1002 624 1024 trans-

45 1030 112 1055 fixae
134 1030 165 1055 in
188 1029 253 1056 litos
264 1035 371 1056 temere
382 1030 546 1056 incurrunt.
566 1030 622 1055 De-

44 1060 157 1094 tegebat
177 1062 295 1087 vulnera
312 1068 430 1090 eorum,
448 1061 528 1093 quod
547 1061 620 1087 nudi

45 1098 188 1127 pugnant⁷
198 1093 226 1121 8<
236 1092 304 1120 sunt
315 1093 377 1120 fusa
386 1093 415 1120 St
424 1092 546 1127 candida
557 1099 620 1119 cor-

44 1131 126 1157 pora,
139 1130 170 1151 ut
182 1131 244 1157 quae
254 1132 409 1157 numquam
418 1125 472 1160 nili
486 1125 517 1150 in
529 1130 622 1162 pugna

45 1156 196 1183 nudentur
218 1165 224 1183 :
252 1156 294 1183 lta
310 1157 340 1184 &
360 1157 424 1189 plus
441 1157 588 1188 languinis
607 1156 622 1181 e

43 1188 136 1214 multa
155 1194 239 1215 carne
257 1188 446 1216 fundebatur,
462 1188 491 1214 Sc
516 1188 620 1214 foedio·

43 1225 90 1245 res
109 1220 243 1251 patebant
263 1221 370 1253 plagae,
391 1220 419 1247 δ(
438 1220 546 1246 candor
556 1225 619 1246 cor-

42 1257 150 1282 porum
174 1252 262 1284 magis
296 1252 434 1284 sanguine
459 1256 524 1277 atro
561 1258 619 1277 ma-

43 1283 204 1309 culabatur.
231 1283 284 1309 Sed
304 1290 363 1310 non
380 1289 438 1309 tam
457 1283 621 1313 patentibus

44 1314 137 1347 plagis
165 1320 328 1341 moventur.
367 1314 513 1341 interdum
543 1314 617 1340 inse-

45 1347 92 1372 sta
119 1352 203 1373 cute,
229 1346 279 1373 ubi
296 1346 404 1374 latior,
421 1352 506 1378 quam
531 1346 620 1373 altior

45 1378 130 1410 plaga
157 1377 217 1407 est,
244 1379 334 1415 etiam,
348 1378 501 1410 gloriosius
525 1377 554 1404 se
573 1384 623 1410 pu-

42 1415 132 1441 gnare
161 1414 275 1442 putant.
312 1411 419 1438 iidem,
441 1415 532 1441 quum
557 1416 623 1436 acu-

42 1441 106 1468 leus
129 1440 239 1474 sagittae
255 1445 306 1468 aut
322 1441 436 1473 glandis
454 1441 558 1467 abditae
577 1442 622 1467 in-

44 1472 159 1500 trorsus
191 1473 275 1500 tenui
300 1473 420 1499 vulnere
445 1473 476 1499 ln
500 1472 621 1505 speciem

0 1514 2 1520 ·
41 1505 124 1533 urit,
143 1505 173 1531 δε
189 1505 348 1541 scrutantes
360 1511 423 1536 quse
431 1504 558 1533 vellant,
580 1510 622 1531 te-

42 1538 105 1565 lum
125 1537 346 1569 nontequitur3
365 1542 427 1563 tum
437 1536 468 1573 in
478 1536 622 1564 rabiem&

45 1568 186 1601 pudorem
207 1574 264 1595 tam
283 1575 373 1601 parvze
391 1569 557 1600 perimentis
570 1576 619 1599 pe·

45 1600 95 1626 stis
106 1600 186 1629 versi,
199 1600 385 1632 prosternunt
396 1605 516 1631 corpora
525 1600 619 1628 humi,

46 1632 85 1657 iic
111 1636 147 1657 ut
173 1632 268 1663 panim
294 1631 526 1663 procumberent.
559 1632 623 1658 Alii

45 1667 163 1689 ruentes
175 1664 204 1690 in
217 1662 326 1689 hostem
337 1680 344 1692 ‚
356 1664 486 1695 undique
495 1663 624 1696 confige-

45 1694 169 1731 bantur:
190 1695 220 1722 8<
239 1701 327 1726 quum
337 1696 467 1721 cominus
476 1700 625 1724 venerant,

42 1726 148 1759 gladiis
158 1724 174 1752 a
184 1727 316 1754 velitibus
326 1727 554 1754 trucidabantur.
568 1728 625 1753 Hic

47 1759 132 1785 miles
150 1759 319 1790 tripedalem
338 1765 462 1790 parmam
472 1759 575 1785 habet:
594 1758 624 1787 8<

45 1789 77 1815 ln
87 1790 205 1816 dextera
214 1791 303 1817 hastas
313 1806 322 1818 ‚
332 1791 437 1823 quibus
445 1792 557 1817 eminu5
566 1791 626 1817 uti·

41 1827 102 1849 tur.
127 1822 228 1854 gladio
248 1821 428 1854 Hispaniensi
445 1823 485 1848 est
504 1822 624 1849 cinctus.

45 1854 127 1886 quod
147 1853 169 1879 fi
181 1854 249 1887 pede
259 1854 366 1880 collato
377 1855 561 1885 pugnandum
573 1855 623 1883 cst,

42 1886 190 1912 transsatis
210 1886 238 1911 in
259 1887 355 1912 laevam
375 1886 463 1912 hastis
481 1903 489 1915 ‚
505 1886 623 1918 stringit

44 1917 184 1949 gladium.
202 1917 289 1944 Pauci
307 1916 541 1950 supererantjam
553 1918 624 1944 Gal-

42 1949 153 1975 lorum.
170 1949 219 1980 qui
231 1950 409 1981 posteaquam
419 1949 456 1975 ab
465 1950 520 1976 levi
529 1956 623 1976 arma-

44 1985 113 2006 tura
122 1979 270 2012 superatos
282 1980 310 2006 se
321 1981 466 2009 viderunt,
476 1981 504 2008 ὃς
515 1981 620 2007 instare

40 2011 191 2044 legionum
201 2012 278 2044 signa
289 2029 297 2041 ,
306 2011 393 2039 effusa
405 2012 470 2044 fuga
478 2013 567 2039 castra
578 2019 624 2039 re-

42 2048 149 2075 petunt
160 2050 169 2075 ς
206 2045 298 2070 avoris
307 2044 336 2071 δε
347 2045 487 2071 tumultus
497 2046 553 2075 jam
562 2045 624 2076 ple-

44 2081 102 2101 na:
120 2082 184 2103 utu
204 2076 360 2104 ifoerninae‚
369 2077 450 2109 pueri
472 2076 625 2105 ue‚&alia

44 2106 169 2134 imbellis
187 2108 271 2134 turba
281 2108 436 2141 permistae
459 2113 498 2134 et.
516 2109 623 2133 Roma·

43 2145 100 2165 nos
118 2140 239 2166 victores
248 2139 354 2167 deserti
366 2138 434 2172 suga
443 2139 567 2166 hostium
577 2145 622 2166 ac-

46 2176 184 2202 ceperunt
196 2172 314 2198 tumuli.

83 2203 154 2233 Cap.
180 2204 304 2230 XXII.
337 2203 392 2229 sub
412 2202 488 2229 idem
508 2207 620 2234 tempus

48 2232 86 2258 L.
98 2234 241 2264 Manlius,
258 2235 288 2261 St
308 2236 343 2261 C.
353 2234 475 2261 Helvius
485 2250 493 2262 2
510 2241 600 2266 quum
614 2252 622 2265 ,

48 2265 145 2294 quoad
153 2297 158 2302 Ι
167 2266 238 2292 viam
248 2265 336 2293 colles
344 2266 455 2297 obliqui
465 2267 620 2295 dederunt.

46 2295 233 2325 ascendissem
253 2304 261 2328 ;
287 2299 467 2329 posteaquam
484 2298 520 2325 ad
541 2298 619 2324 invia

45 2332 163 2366 ventum
180 2329 219 2356 est
233 2344 243 2358 ‚
258 2329 363 2355 flexere
383 2329 439 2355 iter
459 2330 490 2355 in
514 2335 622 2362 partem

48 2365 165 2390 monus,
179 2367 242 2394 qua
251 2367 308 2388 una
319 2361 438 2391 babebat
448 2361 504 2391 lter
519 2370 525 2390 :
542 2361 571 2391 ὃς
582 2362 625 2389 se-

673 141 724 179 qui
742 140 870 169 consulis
889 146 988 174 agmen
1001 140 1114 169 modico
1126 111 1251 177 uterquz

671 174 827 200 mtervallo
838 189 847 203 ‚
869 174 949 201 velut
959 179 995 200 ex
1004 174 1163 205 composito
1171 192 1179 205 ,
1191 184 1251 202 εοε-

669 210 797 235 perunt3
814 207 895 238 quod
912 206 1010 242 primo
1017 206 1159 237 optimum
1170 207 1249 235 fastu

668 237 785 267 fuiffet,
804 238 835 264 in
856 238 887 264 id
909 237 1072 264 necestitate
1092 237 1151 269 ipsa
1171 246 1249 265 com-

672 269 757 302 pulfi.
779 269 909 296 subsidia
928 270 1046 295 enimin
1066 270 1173 297 talibus
1192 271 1252 298 ini-

672 301 835 334 quitatibus
868 302 998 328 locorum
1026 301 1152 327 maximo
1177 300 1251 335 saepe

672 332 738 360 usui
751 333 871 359 fuerunt
883 342 890 359 :
909 338 943 360 ut
953 332 1052 366 primis
1061 332 1142 359 forte
1150 334 1253 361 detur-

671 364 763 394 batis.
781 364 898 392 secundi
921 365 950 392 St
968 370 1068 397 tegant
1087 364 1203 397 pulsos,
1218 366 1250 395 St

669 397 776 429 integri
785 403 907 429 pugnam
917 396 1254 430 excipiant.consul‚po·

671 430 813 460 steaquam
821 429 857 455 ad
868 429 997 455 tumulos
1006 429 1039 454 ab
1050 428 1106 455 levi
1125 435 1252 457 armatu-

671 467 702 486 ra
721 466 817 493 captos
824 460 916 493 prima
926 460 1005 492 signa
1014 461 1164 491 legionum
1204 468 1251 487 er·

673 497 813 518 venerunt
826 498 834 523 ;
848 492 994 523 respirare,
1006 492 1036 518 8(
1046 493 1171 524 conquie
1185 500 1248 520 cer·

671 523 813 556 paulisper
823 524 945 549 militem
957 524 1037 555 jubet
1059 532 1066 549 .-
1084 524 1169 551 fimul
1180 526 1250 552 stra·

672 560 700 581 ta
709 563 758 588 per
768 556 897 582 tumulos
906 562 1029 586 corpora
1038 556 1191 582 Gallorum
1203 556 1251 582 01:-

673 591 766 613 tentat
780 596 786 612 ε
808 586 846 612 Et
856 592 945 619 quum
957 587 1032 612 levia
1042 590 1193 613 armatura
1202 592 1251 614 ra·

671 618 696 644 le
705 617 836 651 praelium
847 619 966 644 ediderit
977 635 983 646 ,
998 619 1070 651 quid
1080 619 1118 644 ab
1130 619 1250 652 legioni-

672 651 724 675 bns
736 666 745 679 ‚
764 650 835 683 quia
853 652 891 674 ab
909 650 990 683 iestis
1003 650 1093 675 armis
1105 667 1113 678 ‚
1127 651 1200 683 quia
1210 652 1250 678 ab

667 681 776 707 animis
788 681 1004 714 J‘ortisfimorum
1023 682 1149 707 militum
1160 689 1196 708 ex
1225 690 1254 709 e-

670 713 745 740 eiari
755 715 770 737 .1
790 713 889 746 Castra
911 713 972 739 iuis
981 719 1011 739 ca
1033 714 1118 739 ienda
1129 712 1180 747 effe
1191 732 1199 743 ‚
1217 716 1251 741 in

691 751 732 770 uae
758 743 917 776 complana·
942 746 979 771 ab
1017 746 1067 771 evi
1093 750 1248 772 armatura

693 776 754 808 ostis
771 776 901 810 trepidet.
921 778 1078 808 praecedere
1096 783 1188 804 tamen
1200 777 1250 809 ju-

670 809 716 835 bet
733 809 823 834 levem
844 813 1033 835 armaturam:
1056 816 1119 840 quae
1131 826 1140 837 ,
1157 816 1246 840 quum

671 840 757 866 staret
765 846 866 873 agmen
878 856 887 869 ,
905 840 1078 876 colligendis
1088 846 1138 871 per
1149 846 1249 868 tumu-

669 872 713 897 los
723 871 787 898 telis
796 888 804 901 ,
815 876 849 898 ut
860 871 972 899 miflilia
979 871 1156 900 sufficerent,
1167 873 1245 900 haud

670 903 754 934 segne
783 902 909 935 idipsum
936 909 1046 936 tempus
1064 903 1251 936 consumpse-

670 941 723 961 rat.
740 935 803 967 Jam
813 935 909 962 castris
918 935 1187 968 appropinquabant
1198 944 1205 961 .-
1216 937 1248 966 ει

670 966 749 993 Galli
761 983 769 994 ‚
787 973 823 993 ne
842 974 942 998 parum
961 966 989 992 se
1007 967 1246 995 munimentasua

670 1003 797 1030 tegerent
809 1015 817 1027 ,
834 999 935 1025 armati
954 1005 1006 1029 pro
1023 999 1099 1025 vallo
1113 999 1250 1026 constite-

670 1035 746 1056 rant.
765 1030 864 1056 obruti
885 1030 989 1057 deinde
999 1031 1079 1056 omni
1091 1036 1194 1062 genere
1206 1037 1248 1058 te-

669 1062 765 1088 lorum
776 1078 784 1090 ‚
806 1068 896 1094 quum
917 1069 976 1094 quo
988 1063 1083 1093 plures
1092 1068 1124 1088 ac
1133 1063 1248 1088 demin-

669 1100 712 1120 res
731 1099 832 1123 erant,
850 1100 885 1119 eo
904 1095 999 1120 minus
1018 1094 1246 1126 vaniquicquam

670 1126 859 1152 intercideret
878 1126 949 1152 teli:
969 1126 1047 1152 intra
1067 1126 1173 1152 vallum
1184 1133 1246 1152 rno-

670 1162 769 1183 mento
789 1158 926 1187 temporis
945 1157 1177 1189 compelluntur,
1194 1158 1250 1184 sta-

670 1189 800 1215 tionibus
817 1194 931 1216 tantum
950 1189 1043 1215 firmis
1059 1190 1094 1215 ad
1107 1188 1183 1221 ipsos
1195 1190 1249 1216 ad-

667 1221 727 1247 itus
743 1225 891 1253 portarurn
913 1220 1031 1247 relictis.
1058 1222 1094 1246 In
1112 1221 1249 1247 multitu-

670 1252 765 1287 dinem
776 1250 949 1284 compulsam
959 1253 989 1278 in
1001 1252 1087 1278 castra
1098 1255 1138 1278 vis
1147 1252 1250 1285 ingens

672 1284 817 1309 rniflilium
830 1284 954 1310 telorum
964 1283 1175 1315 conjiciebatur
1186 1292 1194 1310 .-
1214 1284 1246 1311 8<

670 1316 817 1341 vulnerari
836 1316 941 1341 multos
952 1331 961 1344 ‚
977 1316 1087 1342 clamor
1096 1315 1248 1348 permistus

671 1348 931 1382 mulierumatque
950 1354 1108 1379 puerorum
1127 1348 1249 1379 plorati-

671 1380 722 1405 bus
742 1379 928 1410 fignificabat.
957 1380 992 1405 In
1010 1385 1059 1405 eos
1076 1379 1136 1410 qui,
1151 1383 1250 1411 portat

669 1410 842 1437 stationibus
850 1410 909 1436 suis
917 1410 1086 1438 clauserant,
1098 1411 1245 1443 legionum

665 1442 847 1474 antesignani
868 1443 925 1475 pila
946 1442 1145 1473 conjecerunt.
1161 1442 1193 1467 hi
1204 1448 1251 1468 ve-

667 1480 701 1500 το
713 1481 773 1500 non
786 1474 1011 1501 vulnerabantur
1023 1482 1028 1499 :
1048 1472 1096 1499 sed
1108 1473 1252 1500 transver-

668 1506 774 1541 beratis
796 1506 882 1532 stutis
901 1506 1032 1537 plerique
1052 1506 1129 1531 inter
1142 1504 1249 1532 stcon·

665 1538 734 1564 letti
745 1537 907 1563 haerebant:
928 1544 980 1563 nec
991 1537 1101 1564 diutius
1110 1538 1249 1570 impetum

671 1571 870 1596 Romanorum
881 1568 1090 1595 sustinuerunt.

702 1602 775 1631 cap.
810 1602 835 1625 x
846 1601 954 1627 x111.
997 1600 1165 1627 Patentibus
1190 1600 1249 1631 jam

668 1633 771 1664 porris,
782 1631 946 1668 priusquam
955 1633 1148 1667 irrumperent
1159 1632 1251 1659 visto-

668 1671 721 1693 τες,
734 1664 803 1696 fuga
816 1672 831 1689 e
841 1665 937 1691 castris
945 1664 1096 1691 Gallorum
1110 1665 1140 1690 in
1150 1670 1250 1692 omnes

669 1702 762 1729 partes
783 1695 856 1722 fasta
874 1696 924 1721 est.
943 1702 1033 1722 ruunt
1042 1695 1106 1723 caeci
1117 1702 1165 1728 per
1176 1696 1249 1725 vias,

670 1734 720 1761 per
745 1728 824 1754 invia
843 1736 850 1754 ε
877 1727 959 1754 nulla
978 1728 1137 1760 praecipitia
1155 1726 1220 1753 saxa
1233 1742 1243 1757 ‚

671 1759 759 1786 nullae
789 1766 874 1791 rupes
885 1775 893 1788 ,
906 1759 1038 1786 obstant:
1059 1759 1135 1786 nihil
1146 1763 1251 1790 praeter

669 1792 777 1817 hostem
802 1796 946 1818 metuunt.
987 1792 1091 1824 Itaque
1119 1791 1249 1823 plerique

669 1822 828 1855 praecipites
854 1830 904 1855 per
932 1822 1034 1849 vastam
1056 1822 1248 1849 altitudinem

669 1855 793 1888 prolapsi
810 1860 862 1881 aut
880 1855 1248 1882 debilitatiexanimanrur.

669 1886 770 1913 consul
780 1887 876 1913 castris
885 1888 975 1919 captis
985 1902 992 1915 ‚
1002 1887 1169 1919 direptione
1180 1893 1252 1920 praef

669 1919 762 1951 daque
777 1918 911 1946 abstinet.
929 1919 1050 1945 militem
1068 1918 1148 1949 sequi
1158 1925 1210 1952 pro
1219 1917 1252 1944 se

670 1956 812 1981 quemque
823 1951 853 1977 Sc
864 1951 936 1977 stare
950 1967 959 1980 ,
975 1950 1004 1978 St
1016 1950 1150 1982 perculfls
1160 1956 1247 1982 pavo-

671 1988 728 2008 rem
739 1982 843 2009 addere
855 1998 862 2011 ‚
876 1982 968 2012 jubet.
989 1982 1198 2014 supervenit&
1207 1981 1250 2008 al-

673 2018 767 2040 terum
786 2020 851 2040 curn
870 2014 906 2040 L.
927 2014 1044 2040 Manlio
1060 2020 1158 2045 agmen
1171 2030 1179 2042 ,
1197 2018 1253 2039 nec

670 2051 719 2072 eos
737 2045 826 2072 castra
846 2046 955 2073 intrare
971 2045 1052 2072 finit.
1070 2046 1203 2079 protinus
1213 2042 1251 2070 ad

670 2078 880 2110 persequendos
900 2077 994 2103 hostes
1010 2077 1115 2104 mittit.
1142 2077 1172 2103 ὃς
1191 2074 1253 2107 ipse

669 2110 757 2140 paulo
777 2108 856 2142 post,
876 2110 985 2136 tradita
1002 2110 1181 2142 captivorum
1199 2113 1252 2134 cu-

670 2140 762 2167 stodia
780 2141 909 2167 tribunis
923 2141 1050 2168 militum
1063 2156 1072 2169 ‚
1094 2139 1227 2171 sequitur
1239 2146 1248 2164 :

669 2172 843 2199 debellatum
861 2178 959 2201 ratus,
977 2172 999 2197 fi
1020 2173 1050 2198 in
1070 2171 1125 2197 illo
1146 2176 1253 2203 pavore

670 2210 755 2236 quam
774 2204 893 2236 plurimi
911 2203 971 2231 etesi
992 2204 1089 2229 forent
1099 2207 1148 2229 aut
1161 2202 1247 2235 capti.

670 2235 787 2267 Egresso
796 2234 923 2264 consule,
939 2237 972 2260 C.
985 2235 1106 2261 Helvius
1115 2241 1178 2260 cum
1191 2240 1250 2260 ter-

669 2268 712 2293 tio
739 2268 852 2299 agmine
869 2267 994 2293 advenit.
1022 2273 1075 2293 nec
1094 2266 1249 2292 continere

667 2297 733 2325 suos
748 2298 763 2324 a
783 2299 949 2329 direptione
967 2298 1122 2325 castrorum
1133 2297 1226 2324 valuit
1239 2306 1247 2323 :

668 2331 819 2361 praedaque
840 2336 939 2357 eorum
950 2346 959 2358 ‚
976 2329 1152 2359 iniquiflima
1163 2327 1253 2356 sorte,

671 2362 723 2395 qui
741 2367 842 2396 pugnae
859 2368 920 2391 non
937 2362 1135 2390 interfuerant
1146 2377 1154 2392 ‚
1173 2359 1250 2418 ΐῖέὶξῡ

1223 2408 1246 2419 ..
