1414 2655
452 63 673 121 Linea
720 87 778 120 11.

8 137 83 165 ocum
111 133 250 162 Hernicis
276 131 374 159 foetlas
399 131 488 159 istum
506 149 514 162 .
539 133 602 163 agri

6 166 346 226 *merueram
366 163 603 222 ifflgdfflfffl

18 227 122 257 consul
142 213 331 266 danius-erat.
354 203 518 257 deiciebat
532 227 601 252 huic

18 261 134 288 muneri
152 261 213 294 agri
221 260 402 291 aliquantum
418 274 428 286 ‚
452 264 599 295 quem-pu-

18 292 126 320 blicum
143 291 279 325 poffiderl
299 289 315 316 a
335 289 454 322 privatis
463 291 600 315 crimina-

19 325 118 351 batur.
153 324 188 350 Id
205 322 310 349 multos
326 322 444 353 quidem
462 321 577 348 Parrum
591 335 600 349 ‚

20 354 97 392 ipsos
127 353 286 388 posseflbres
302 369 310 382 ‚
337 353 477 411 cfericulo
496 358 600 390 ⁸rerum

17 387 135 414 inarum
154 386 290 413 terrebat.
307 383 334 411 se
375 385 405 412 St
423 384 538 417 publica
547 384 599 409 Pa-

20 418 117 446 tribus
125 418 293 445 sollicitudo
308 417 424 446 inerat;
441 415 598 448 largitione

20 449 169 478 consulem
195 447 370 482 periculosas
387 447 517 474 libertati
534 454 602 479 opes

21 481 141 509 struere.
168 482 245 508 Tum
271 480 394 513 primum
419 479 465 505 lex
489 480 602 511 agraria

22 514 206 546 promulgata
231 512 297 539 est:
321 517 470 543 nunquam
495 510 600 538 deiude

21 544 114 578 usque
133 545 169 570 ad
181 545 253 570 hanc
268 544 434 570 memoriam
443 542 504 568 line
513 542 603 568 maxi·

23 576 78 602 mis
97 576 221 602 motibus
239 581 334 609 rerum
351 575 469 606 agitata.
490 573 601 600 consul

21 608 98 634 alter
107 607 262 640 largitioni
273 605 428 632 renitebat.
438 606 603 632 auctoribus

23 638 168 668 Patribus,
180 646 232 665 nec
241 638 321 664 omni
331 638 412 669 plebe
421 636 600 664 adversante.

20 676 85 704 quae
96 671 192 704 primo
200 675 326 701 coeperat
336 669 462 695 fastidire
474 685 482 698 ‚
498 675 603 695 munus

22 702 171 735 vulgatum
197 701 212 728 a
237 701 348 727 civibus
374 699 423 727 isse
441 702 472 727 in
489 699 600 727 socios:

21 732 94 767 saepe
111 733 217 760 deinde
233 733 264 760 Sc
281 732 448 764 virginium
457 730 602 758 consulem

22 765 55 793 in
75 765 265 792 concionibus
284 765 363 790 velut
380 764 582 790 vaticinantem
595 780 603 792 ,

24 797 160 824 audiebat
177 813 186 825 ‚
211 796 352 829 ‘fenilem
375 795 480 828 colcsgae
497 801 603 820 munus

22 824 84 862 eff'e.
105 828 200 866 Agros
221 828 283 853 illos
296 826 471 860 servitutem
497 826 604 863 msilii

25 863 193 897 acceperint,
205 859 326 885 laturos.
344 865 387 896 reg
392 865 427 883 no
436 858 518 883 viam
526 860 598 890 sie-rt.

28 891 109 923 Qut
137 891 179 916 ita
188 890 264 916 enim
274 887 486 926 qffitgmsocios,
507 895 605 926 (5:⁷1⁰-

26 929 92 949 men
119 921 262 948 Latinum
289 925 305 947 .(
332 922 410 952 §guid
435 917 584 953 animasti¹
595 937 603 947 ,

29 954 165 980 Hernicis
190 953 276 987 paulo
300 958 367 979 ante
385 952 513 985 hostibus
530 958 561 977 ca
581 951 606 977 li

25 985 90 1020 agri
100 985 214 1012 tertiam
240 989 328 1010 artem
337 981 418 1011 reddi
428 1001 436 1010 ,
455 985 508 1019 nist
519 987 551 1008 ut
567 990 602 1009 2ae

23 1022 123 1075 {entes
147 1022 194 1050 pro
244 1017 369 1043 oriolano
396 1017 464 1041 duce
476 1014 601 1050 *unffi-mn

48 1049 153 1075 abeant
163 1049 178 1073 ἓ
194 1048 344 1080 popularis
361 1048 420 1079 jam
439 1047 491 1074 esse
501 1047 605 1074 diflua-

26 1079 84 1109 sor,
93 1080 122 1108 St
133 1080 295 1106 intercessor
305 1080 375 1112 legis
385 1080 501 1111 agrariae
511 1085 603 1116 coepe-

28 1117 94 1138 rat:
113 1117 234 1143 uterque
250 1111 355 1138 deinde
363 1110 464 1137 consul
475 1115 604 1137 certatim

28 1143 106 1176 plebi
130 1143 290 1176 indulgere.
321 1143 472 1174 Virginius
489 1143 584 1168 dicere
597 1157 605 1170 ,

28 1174 172 1210 pafl'urum
193 1174 220 1200 se
228 1175 362 1207 aflignari
371 1180 474 1209 agros,
490 1175 559 1199 dum
570 1180 606 1199 ne

19 1206 95 1234 tul,
114 1206 168 1232 nili
177 1206 232 1232 civi
244 1208 377 1232 Romano
387 1222 394 1233 ‚
411 1205 586 1237 assrgnenrur
600 1213 606 1230 :

18 1237 142 1264 >castius
158 1253 166 1265 ‚
195 1238 262 1270 quia
281 1238 312 1274 in
333 1238 606 1269 agrarialargitione

22 1268 208 1296 <ambitiosius
228 1270 259 1295 in
271 1269 361 1296 1ocios
371 1286 378 1297 ,
396 1275 488 1300 eoque
497 1268 606 1294 civibus

29 1300 118 1334 vilior
138 1306 219 1332 erat,
239 1304 271 1326 ut
290 1300 349 1326 alio
374 1307 492 1326 munere
500 1300 553 1335 sibi
565 1306 608 1325 re-

26 1332 196 1359 conciliaret
222 1333 327 1358 civium
343 1333 455 1358 animos
472 1348 480 1360 ‚
508 1332 608 1362 jubere

30 1370 86 1397 pro
115 1364 211 1390 Siculo
238 1363 385 1390 frumento
401 1364 548 1396 pecuniam
564 1369 609 1389 ac-

29 1399 140 1427 neptam
150 1395 272 1422 retribui
282 1396 399 1427 populo.
410 1396 443 1421 Id
456 1401 522 1420 vero
533 1394 608 1420 haud

29 1425 108 1453 (ἕως
122 1442 132 1455 ‚
159 1433 244 1459 quam
271 1425 434 1458 praesentem
451 1426 609 1452 mercedem

32 1465 64 1485 re
84 1458 115 1484 ni
126 1457 274 1489 aspernata
284 1459 376 1489 plebes
391 1467 398 1484 e
409 1459 480 1484 adeo
491 1463 610 1489 propter

34 1465 225 1521 suffpicionem
255 1489 368 1516 insitam
394 1491 474 1522 regni
494 1507 502 1519 ‚
518 1490 607 1524 ¹velut

34 1521 214 1548 abundarent
229 1522 326 1547 omnia
337 1539 346 1551 ,
362 1528 480 1548 munera
499 1527 561 1551 eJus
579 1523 610 1547 in

29 1552 68 1579 vin
85 1552 187 1578 animis
211 1552 361 1579 hominum
385 1552 602 1583 respuebantur.

36 1583 128 1618 Quem
140 1599 148 1612 ,
160 1583 210 1610 ubi
220 1585 342 1615 primum
353 1584 518 1616 magistratu
527 1584 610 1612 abiit,

35 1615 202 1642 damnatum
212 1620 397 1648 necatumque
407 1616 525 1643 constat.
539 1617 610 1642 sunt

34 1647 89 1705 22⁰¹
113 1652 221 1680 patrem
245 1647 365 1674 astorem
390 1648 452 1678 ejus
478 1647 613 1679 supplicii

69 1684 143 1704 rant.
178 1678 251 1704 Eum
277 1680 391 1711 cognita
413 1680 493 1706 domi
519 1678 610 1706 cauffa

36 1709 189 1736 verberafle
206 1716 239 1736 ac
256 1711 359 1738 necasse
376 1727 384 1740 ‚
427 1711 610 1749 eculiumque

35 1740 96 1768 filii
107 1742 206 1767 Cereri
217 1742 376 1769 consecravi
400 1749 424 1767 e.
442 1743 553 1775 iignum
565 1749 611 1767 m-

34 1773 73 1799 de
91 1772 196 1799 fastum
213 1773 284 1800 effe,
301 1773 510 1805 &inscriptum
521 1791 529 1804 ‚
548 1775 572 1799 E
584 1775 609 1798 x

37 1805 218 1831 CASSIA
259 1806 489 1832 FAMILIA
530 1807 610 1831 DA-

35 1836 64 1862 T
77 1836 105 1862 U
118 1837 162 1862 M.
179 1832 302 1863 Invenio
312 1837 388 1868 apud
399 1836 554 1869 quosdam,
567 1837 612 1864 id-

35 1873 94 1900 que
111 1868 230 1900 propius
240 1868 325 1894 fidem
339 1869 388 1897 est.
400 1868 414 1894 a
426 1869 612 1901 quaestoribus

24 1897 155 1925 'Caesone
165 1900 256 1926 Fabio
266 1916 275 1928 ‚
291 1900 319 1927 Sc
332 1901 368 1926 L.
378 1901 497 1927 Valerio
508 1918 516 1928 ‚
535 1901 610 1926 diem

24 1960 26 1965 ,
35 1930 139 1958 dietam
148 1931 372 1963 perduellionis:
389 1932 612 1964 damnatumque

33 1962 142 2021 gopun
160 1963 295 1994 judicio:
314 1963 424 1989 dirutas
442 1963 556 1996 publice
575 1971 611 1988 ae-

56 2000 95 2021 es.
112 1999 145 2020 ea
164 1995 204 2020 est
220 2001 284 2020 area
300 2000 367 2021 ante
376 1995 505 2021 Telluris
513 1996 611 2022 adem.

18 2025 180 2064 jcaeterum
189 2025 247 2063 sive
257 2026 523 2064 illud-domesticum
534 2043 542 2054 ‚
554 2026 610 2053 {ive

4 2057 265 2149 ζῐξὲἒῑὲἓέῃξῗὶὲ
280 2058 612 2125 iu‘ffi‘ivss'sszfflssffiff

5 2154 8 2184 1
25 2155 29 2159 ’
72 2153 113 2178 ca
135 2170 143 2178 .
161 2153 280 2180 XLII.
314 2153 399 2180 Haud
418 2152 558 2180 diumrm
568 2153 611 2180 ira

38 2189 115 2216 popu
131 2184 141 2210 l
166 2184 198 2210 in
224 2184 346 2210 castium
372 2184 442 2210 fuit.
479 2185 611 2211 Dulcedo

25 2219 58 2249 {a
78 2216 157 2242 tariae
175 2216 184 2242 1
222 2217 245 2242 is
261 2215 320 2247 ipsa
338 2215 425 2248 perse
437 2216 552 2247 dempto
563 2222 612 2242 au·

0 2254 2 2259 ’
23 2258 48 2281 ‘.
69 2252 119 2274 ore
135 2245 196 2281 l‘ubi
217 2253 246 2274 at
264 2248 384 2275 animos.
401 2247 573 2280 accensaque
582 2255 616 2274 ea

97 2278 183 2306 'ditas
207 2279 264 2308 est,
282 2279 461 2311 malignitate
485 2279 614 2307 Parrum,

671 132 722 158 uid
733 137 845 165 captum
855 135 892 157 ex
902 129 1032 162 hostibus
1040 95 1227 162 estwendiffft

677 165 758 189 abins
777 162 897 193 consul,
914 169 946 190 ac
963 162 1072 195 redegit
1089 163 1121 189 in
1131 165 1229 196 publi·

649 202 723 222 cum.
752 196 881 221 Invilum
905 199 966 221 erat
982 195 1104 221 Fabium
1121 201 1227 223 nomen

648 227 856 259 plebi.propter
868 225 1048 253 novistimum
1057 227 1203 253 consulem
1217 244 1225 252 .

651 257 769 284 tenuere
781 263 874 284 tamen
888 259 994 287 Patres,
1005 264 1039 283 ut
1050 265 1114 293 curn
1123 259 1160 284 L.
1172 257 1227 285 AE-

650 290 735 316 milio
753 291 832 316 Caelo
845 290 951 317 Fabius
959 288 1059 316 consul
1069 294 1227 317 crearetur.

649 321 695 348 Eo
716 321 849 348 infestior
866 321 941 347 faeta
952 322 1063 353 plebes,
1081 321 1226 349 seditione

649 353 802 380 domestica
822 353 927 379 bellum
938 357 1091 379 externum
1101 353 1227 380 excivit:

648 384 726 410 bello
745 385 851 412 deinde
872 384 1124 412 civilesdiscordite
1133 385 1229 411 inter-

648 416 741 443 missZv.
768 423 829 442 uno
847 416 944 452 animo
965 416 1061 442 Patres
1079 422 1111 442 ac
1131 416 1228 448 plebes

647 447 819 475 rebellantes
829 447 990 474 Vollcos&
1031 448 1036 452 “
1060 454 1130 477 uos,
1150 447 1225 474 duce

647 478 858 511 AEmili0,pros
855 486 920 512 pera
929 484 1026 512 pugna
1036 486 1136 506 vicere.
1156 478 1226 506 Plus

647 516 740 537 tamen
762 511 888 537 hostium
907 510 974 543 fuga
992 517 1076 543 quam
1089 511 1226 542 proelium

647 543 806 576 absumpfit·
823 552 830 568 ε
849 543 922 569 adeo
942 543 1130 575 pertinaciter
1150 542 1228 569 stubs

648 573 770 601 insecuti
789 574 858 601 lunt
876 575 996 606 equites.
1016 574 1142 600 castoris
1153 575 1229 601 aedes

647 607 748 632 eodem
765 613 843 633 anno
863 607 963 633 Idibus
980 605 1166 636 Quintilibus
1176 606 1227 632 de-

645 637 740 664 dicata
757 638 806 664 est.
835 643 902 664 vota
921 642 982 663 erat
1001 638 1110 664 Latino
1130 637 1207 664 bello
1220 654 1232 669 ,

648 669 795 697 Postumio
804 669 955 704 distqtore.
966 668 1045 696 filius
1053 670 1116 700 ejus
1124 670 1229 696 duum-

649 701 692 726 vir
719 701 756 726 ad
782 702 812 727 id
832 702 923 733 ipium
940 706 1052 728 creatus
1068 701 1227 728 dedicavit.

651 733 804 759 sollicitati
821 733 850 760 8<
860 740 895 759 eo
903 739 980 759 anno
992 731 1060 759 sunt
1068 732 1227 759 dulcedine

648 765 767 795 agrariae
786 764 858 797 legis
875 765 964 790 animi
974 764 1077 796 plebis.
1095 764 1226 791 Tribuni

649 796 740 828 plebis
773 796 944 835 popularem
969 795 1136 827 potestatem
1162 795 1225 827 lege

648 828 782 859 populari
808 828 1000 854 celebrabant.
1035 827 1132 854 Patres
1157 826 1228 854 satis

647 859 789 891 superque
808 859 930 891 gratuiti
949 858 1109 885 furoris-in
1126 858 1228 885 multi-

649 891 753 917 tudine
778 891 925 918 credentes
950 890 1004 916 effe
1019 906 1027 920 ‚
1054 890 1228 922 largitiones

647 922 873 955 temeritatisque
907 922 1095 948 invitamenta
1128 923 1229 957 horre·

648 954 728 979 bant.
744 955 873 981 acerrimi
884 954 1013 980 Patribus
1023 954 1106 980 duces
1114 955 1150 980 ad
1162 955 1229 980 reli-

647 985 778 1011 stendum
800 985 930 1011 consules
949 985 1041 1011 fuere.
1071 986 1114 1011 Ea
1130 986 1224 1017 igitur

650 1023 713 1047 pars
723 1017 884 1045 reipublicae
896 1017 975 1044 vicit.
994 1017 1087 1043 necin
1098 1016 1222 1050 praesens

647 1049 743 1077 modo,
754 1049 842 1075 sedin
851 1050 1012 1075 venientem
1022 1049 1108 1075 etiam
1117 1054 1226 1075 annum

648 1081 691 1105 M.
703 1081 825 1107 Fabium
837 1080 962 1107 Caesonis
972 1079 1130 1109 fratrem&
1139 1081 1230 1113 magis

648 1111 773 1139 invisum
795 1112 916 1139 alterum
943 1112 1020 1144 plebi
1047 1110 1228 1139 accusatione

648 1144 695 1173 sp.
716 1144 804 1170 (affii
822 1160 829 1173 ,
857 1144 1053 1170 L.Valerium
1079 1144 1226 1170 consulem

647 1175 740 1200 dedit.
774 1178 922 1202 certaturn
948 1182 982 1201 eo
1006 1182 1123 1207 quoque
1147 1182 1226 1202 anno

648 1213 712 1232 cum
734 1207 860 1233 tribunis
870 1208 919 1232 eit.
938 1208 1084 1235 vanalex‚
1103 1208 1228 1240 vanique

645 1237 716 1270 legis
733 1239 871 1267 mekotes,
885 1238 1017 1268 jastando
1036 1239 1153 1265 irritum
1164 1245 1230 1265 mu-

647 1276 720 1298 nus,
739 1270 817 1296 faeti.
836 1271 954 1297 Fabium
974 1271 1042 1296 inde
1061 1276 1165 1296 nomen
1179 1271 1243 1297 in-'

647 1307 717 1332 gens
738 1302 798 1333 post
811 1308 867 1328 tres
877 1302 1033 1327 continuos
1043 1300 1224 1331 consulatus,

650 1339 765 1364 unoque
788 1334 865 1360 velut
875 1338 975 1359 tenore
986 1339 1085 1359 omnes
1092 1338 1229 1365 expertos

649 1365 814 1391 tribuniciis
832 1364 1034 1391 certaminibus
1053 1382 1062 1394 ‚
1082 1365 1224 1391 habitum.

652 1396 749 1427 itaque
767 1403 801 1422 ut
821 1397 891 1422 bene
911 1397 1017 1423 locatus
1037 1397 1180 1423 manfirin
1194 1403 1228 1423 ea

648 1427 757 1453 familia
783 1429 952 1461 aliquandiu
976 1428 1079 1454 honos.
1110 1428 1227 1454 Bellum

649 1459 717 1485 inde
728 1460 833 1485 Veiens
843 1461 948 1486 initum
961 1468 968 1484 :
986 1459 1015 1486 δε
1028 1460 1126 1487 Volsci
1137 1459 1229 1485 rebel-

647 1490 757 1525 larunt.
783 1491 831 1518 sed
852 1493 887 1518 ad
907 1491 979 1518 bella
998 1497 1118 1518 externa
1135 1497 1226 1524 prope

649 1522 817 1553 lupererant
842 1524 914 1549 vires
942 1531 948 1548 ε
977 1523 1228 1555 abutebanturque

650 1554 685 1580 iis
695 1554 772 1580 inter
781 1553 941 1587 semetipsos
950 1555 1103 1581 certando.
1121 1554 1226 1581 Acces-

649 1584 709 1610 sere
736 1586 772 1611 ad
790 1592 875 1619 aegras
891 1587 950 1616 jam
969 1587 1098 1612 omnium
1115 1591 1226 1612 mentes

650 1617 780 1648 prodigia
791 1618 911 1644 coelestia
922 1633 931 1646 ‚
940 1624 1031 1650 prope
1041 1617 1225 1650 quotidianis

649 1649 681 1674 in
701 1650 772 1674 urbe
791 1649 922 1682 agrisque
941 1649 1114 1676 ostentantia
1123 1649 1229 1676 minas.

651 1680 781 1712 motique
791 1682 835 1707 ira
846 1680 1103 1708 numinis‚cauflam
1114 1681 1224 1707 nullam

647 1712 734 1749 aliam
753 1717 830 1739 vates
839 1713 976 1739 canebant
986 1729 995 1742 ,
1012 1713 1125 1745 publice
1135 1713 1228 1744 privar-

652 1748 703 1769 t1m
726 1749 762 1769 ue
780 1750 857 1771 nunc
875 1745 950 1771 eXtis
966 1761 974 1773 ‚
997 1751 1074 1771 nunc
1098 1750 1148 1776 per
1164 1749 1228 1772 aves

650 1781 705 1800 con
721 1775 776 1801 ulti
789 1791 797 1804 ‚
815 1783 899 1808 quam
911 1776 986 1802 haud
996 1776 1052 1802 rite
1061 1774 1137 1802 sacra
1146 1776 1226 1803 fieri.

652 1807 704 1838 qui
714 1813 838 1834 terrores
849 1814 941 1833 tamen
952 1814 987 1834 eo
995 1806 1113 1835 evasere,
1122 1812 1155 1834 ut
1166 1809 1189 1832 o
1212 1820 1226 1827 -

652 1839 698 1868 pia
726 1839 808 1870 virgo
835 1839 955 1866 Vestalis
978 1840 1112 1866 damnata
1128 1815 1228 1867 incefu

653 1876 750 1902 poenas
761 1865 884 1897 dederit.

684 1902 755 1933 Cap.
774 1902 883 1928 XLII
895 1904 918 1928 1.
952 1903 988 1934 Q
1009 1902 1115 1929 Fabius
1135 1902 1226 1933 inde,

653 1931 682 1959 Se
701 1934 736 1958 C·-
746 1933 844 1969 Julius
854 1933 983 1961 consules
993 1933 1071 1960 filiii.
1091 1935 1136 1960 Eo
1145 1939 1226 1961 anno

654 1970 714 1990 non
735 1966 851 1996 legnior
859 1965 1003 1992 discordia
1012 1966 1090 1992 domi
1101 1981 1110 1994 ‚
1127 1965 1157 1992 St
1168 1965 1230 1992 bel·

653 1997 712 2022 lum
734 1996 806 2022 foris
823 1998 952 2024 atrocius
968 1997 1037 2024 fuit.
1056 1997 1102 2023 Ab
1121 1997 1230 2029 AEquis

654 2033 730 2054 arma
747 2027 867 2061 sumpta.
888 2030 1022 2056 Veientes
1037 2034 1137 2061 agrum
1155 2035 1229 2061 quo-

653 2066 708 2091 que
736 2061 933 2087 Romanorum
979 2062 1130 2092 opulantes
1155 2060 1230 2087 inie-

654 2096 734 2117 runt.
767 2097 892 2124 quorum
917 2092 960 2118 bel
974 2099 1057 2118 orum
1083 2089 1229 2119 crescente

653 2128 721 2149 cura
738 2138 746 2151 ,
776 2123 854 2149 caeso
864 2124 972 2150 Fabius
989 2139 998 2152 ‚
1023 2123 1108 2156 δεδι).
1120 2124 1232 2151 Furius

653 2152 784 2181 consule>-
810 2155 898 2181 fiunt.
929 2157 1068 2181 Ortonam
1085 2156 1233 2182 Latinam

651 2186 751 2212 urbem
762 2186 852 2218 AEqui
863 2187 1080 2220 oppugnabant.
1095 2187 1236 2214 Veientes

654 2217 730 2256 pleni
772 2218 829 2248 iam
863 2219 1083 2250 populationum
1109 2220 1232 2244 Romam

653 2248 740 2279 ipsam
749 2248 776 2275 ie
786 2255 1002 2283 oppugnaturos
1010 2250 1234 2277 minitabantur.

656 2281 715 2313 Qi
737 2286 860 2307 terrores
872 2297 880 2310 ‚
897 2288 987 2313 quum
996 2280 1171 2313 compescere
1181 2281 1233 2307 dc-

26 2283 109 2341 εἷς,
119 2308 236 2337 deviffls
245 2317 279 2336 co
289 2317 368 2337 anno
376 2310 488 2337 volscis
497 2310 613 2343 AEquis-
658 2312 758 2339 berent
768 2330 775 2342 ‚
793 2318 898 2339 auxere
913 2312 1032 2345 insuper
1049 2314 1159 2340 animos
1170 2313 1237 2341 ple-

0 2374 3 2381 Δ
19 2345 103 2374 Talae,
113 2341 234 2371 militem
244 2342 338 2376 praeda
348 2341 523 2371 fraudavere.
534 2344 615 2376 quic-

657 2343 718 2373 bis:
739 2344 907 2379 redibatque
916 2351 975 2373 non
986 2343 1036 2372 sua
1043 2344 1145 2379 sponte
1154 2343 1232 2406 9¹1¹ng
