1414 2655
179 136 226 169 2⁷¹0
629 129 676 163 T.

173 177 351 207 discriminis
359 194 367 207 ‚
376 177 570 207 ordinumque
579 191 588 204 ‚
597 176 702 208 quibus
712 176 754 202 in-

174 211 220 239 te'r
233 212 335 243 aradus
344 211 492 242 dignitatis
512 209 693 239 fortunaeque
702 208 757 234 ali-

171 241 246 277 quid
271 243 446 270 interlucet,
467 240 570 279 posteri
586 239 670 278 ,ἡκ-ηε
702 240 758 266 fer-

170 281 246 302 rent.
277 273 399 301 censum
427 280 504 299 enim
529 272 674 299 instituit,
700 279 757 297 rem

169 306 385 333 saluberrimam
403 311 485 332 tanto
502 303 602 330 futuro
615 303 733 334 imperio
747 311 753 327 ι

173 344 212 364 cx
222 345 280 370 quo
290 338 358 364 belli
368 336 496 371 pacisque
506 335 603 361 munia
613 341 673 360 non
686 335 754 361 viri.

173 370 229 396 tim
240 386 248 397 .
259 375 294 396 ut
303 375 377 400 anre,
390 369 435 394 sed
449 375 501 399 pro
512 367 611 392 habitu
624 367 742 397 pecunia

172 407 241 428 rum
251 402 365 427 fierent.
385 402 460 426 Tum
471 398 562 425 classes
574 415 582 425 ,
600 397 750 432 centurias

196 439 249 462 ue,
271 433 300 459 St
320 432 396 458 hunc
413 432 543 458 ordinem
560 435 595 455 ex
614 429 697 455 censu
708 430 755 455 de-

171 439 284 497 ?criplit
293 480 302 493 ,
314 465 357 490 vel
389 465 431 490 aci
441 463 584 488 decorum.
596 462 641 498 vel
651 462 738 487 bello.

208 497 278 528 cap.
298 496 359 521 XL
395 495 443 522 11.
471 495 514 519 Ex
527 495 570 520 iis,
579 499 630 524 qm
642 499 755 528 centurn

171 526 301 554 millium
321 527 402 555 aeris,
419 531 470 552 aut
488 526 622 556 majorem
643 526 756 550 centum

172 559 312 585 haberent
330 575 338 587 ,
357 559 428 585 lxxx
448 557 574 584 confecit
593 557 754 592 centurias,

195 591 366 622 uadragenas
381 590 527 616 seniorum
544 595 575 614 ac
591 589 753 626 Jitniorurn.

199 623 270 648 rima
287 622 376 648 clanis
386 627 482 648 omnes
492 621 637 653 appellati.
656 621 754 645 Senio-

169 659 218 679 res
228 670 236 682 ‚
261 653 296 679 ad
306 654 385 679 urbis
394 653 548 680 custodiam
559 656 594 677 ut
605 651 704 682 praesto
715 650 756 676 es-

169 683 236 711 sent
248 693 255 711 :
290 691 439 714 uvencs‚ut
449 685 518 710 foris
531 683 603 709 bella
611 689 753 714 gererent.

171 723 251 743 arma
291 717 313 742 is
324 717 460 748 imperata
470 733 478 745 ‚
495 715 574 746 galea
585 731 592 743 ‚
610 715 751 746 clypeum,

171 755 265 774 ocreae
279 764 286 776 ,
306 747 406 777 lorica,
417 749 514 774 omnia
524 752 558 781 eg<
569 753 632 772 aere.
650 747 710 775 hec
719 752 754 772 ut

169 785 336 812 tegumenta
356 779 483 812 corporis
502 778 599 804 eslent.
630 779 702 804 Tela
724 779 754 804 in

170 810 282 837 hostem
295 826 302 838 ‚
322 812 453 844 hastaque
463 811 491 838 8<
502 810 620 842 gladius.
640 810 755 837 Additae

172 842 242 869 huic
251 843 329 869 clasii
339 843 401 869 duae
413 843 522 868 fabrum
534 842 678 870 centuriae‚
691 848 753 874 quae

171 874 234 900 iine
252 875 338 901 armis
347 875 491 908 stipendia
499 873 635 900 facerent.
653 873 752 900 datum

174 912 298 935 munus,
309 912 342 933 ut
351 906 493 933 machinas
506 906 535 930 in
547 906 620 931 bello
632 905 751 932 ferrent.

171 938 302 965 Secunda
312 937 401 969 claflis
409 939 487 965 intra
496 942 609 964 centurn
620 937 708 969 usque
718 938 754 964 ad

195 970 304 1002 uinquc
321 970 350 1003 ὃς
358 969 544 1003 Ἳὶτρτιιεςὶητῑι
555 969 680 1005 millium
690 976 755 995 cen—

186 1007 236 1027 um
258 1002 400 1029 instituta.
418 1002 448 1028 8<
467 1008 501 1027 ex
519 1001 563 1026 his
582 1002 753 1030 lenioribus,

167 1033 391 1066 junioribusque
400 1033 503 1067 viginti
513 1032 680 1066 conseriptae
692 1039 757 1059 cen-

172 1065 276 1091 turiae:
296 1073 374 1092 arma
391 1066 527 1098 imperata
545 1081 553 1093 ‚
571 1065 680 1090 icurum
704 1071 755 1096 pro

171 1097 277 1129 clypeo
288 1113 296 1124 2
313 1097 342 1123 8(
361 1102 463 1129 praeter
475 1097 590 1122 loricam
601 1097 699 1122 omnia
709 1103 754 1121 ea-

171 1128 251 1154 dem.
269 1127 475 1163 Tertioeclaffis
493 1128 524 1153 in
545 1127 756 1159 quinquaginta

173 1159 300 1186 millium
322 1159 435 1186 centurn
445 1158 497 1186 esse
508 1159 613 1185 voluit.
633 1159 755 1185 totidem

169 1191 349 1218 centuriae&
360 1191 422 1222 h:e;
441 1191 598 1221 eodemque
616 1191 758 1217 discrimi-

169 1228 210 1249 ne
229 1227 344 1250 aetatum
359 1222 456 1248 fastae:
477 1229 528 1248 nec
537 1223 573 1248 de
583 1223 667 1248 armis
679 1223 758 1255 quic-

172 1261 260 1287 quam
278 1260 420 1281 mutatum
440 1260 448 1285 3
469 1261 557 1280 ocreae
575 1257 688 1289 tantum
707 1255 757 1280 ad-

173 1288 287 1318 emptae.
307 1288 341 1312 In
362 1290 464 1318 quarta
474 1285 552 1312 classe
561 1285 660 1322 cenius
670 1286 757 1318 quin-

173 1323 232 1350 que
242 1317 271 1344 Sc
283 1318 309 1343 vi
333 1318 388 1344 inti
398 1317 521 1344 millium
532 1334 540 1346 ‚
559 1317 682 1343 totidem
692 1323 757 1342 cen·

169 1349 257 1376 turine
267 1349 296 1375 fa
325 1358 356 1375 ae.
372 1355 451 1375 arma
462 1353 571 1376 mutata
581 1365 588 1377 ‚
605 1349 678 1374 nihil
690 1355 758 1381 prce-

171 1385 219 1407 ter
231 1381 335 1407 hastam
345 1381 374 1408 St
385 1387 515 1407 verutum
534 1381 640 1407 datum.
663 1381 758 1413 Qun-

171 1416 206 1438 ta
225 1412 315 1438 classis
343 1412 422 1439 aucta
441 1429 450 1441 ‚
480 1412 615 1439 centuriae
636 1412 758 1439 tristinta

173 1444 256 1470 factm
278 1452 285 1470 :
304 1443 409 1471 fundas
427 1461 438 1473 ι
462 1444 557 1476 lapide
589 1450 625 1478 ue
644 1441 759 1478 mifliles

169 1475 206 1502 'hi
224 1475 320 1502 secum
337 1477 482 1506 gerebant.
511 1477 541 1502 in
593 1476 615 1500 is
631 1476 739 1501 accensi
751 1491 759 1504 ‚

171 1507 356 1536 cornicines,
376 1507 562 1540 tibicinesque
579 1508 609 1532 in
629 1512 686 1532 tres
695 1513 759 1536 cen-

173 1540 267 1566 turias
285 1539 443 1565 distributi.
472 1539 613 1565 undecim
632 1539 761 1564 millibus

173 1570 236 1597 haec
263 1570 352 1596 claflis
378 1569 553 1597 censebatur.
580 1571 645 1596 Hoc
663 1570 760 1596 minor

173 1601 276 1628 census
300 1603 440 1634 reliquam
465 1602 683 1629 multitudinem
711 1602 762 1627 ha-

172 1634 251 1660 huit.
271 1633 338 1660 inde
357 1640 414 1659 una
432 1634 562 1661 centuria
571 1633 643 1660 fasta
655 1633 693 1660 est
704 1634 762 1659 im-

175 1665 274 1692 munis
294 1666 407 1691 militia.
437 1666 482 1692 Ita
501 1666 620 1697 pedestri
630 1665 759 1691 exercitu

175 1702 283 1724 ornato
296 1713 304 1724 ‚
322 1697 552 1729 distributoque,
572 1697 701 1729 equitum
722 1703 757 1722 ex

171 1728 350 1764 primoribus
361 1729 484 1755 civitatis
492 1735 527 1754 xr
538 1737 561 1754 1.
573 1728 682 1760 scripiit
695 1735 760 1754 cen-

175 1761 277 1797 turias.
298 1761 350 1785 Sex
361 1761 429 1786 item
439 1761 509 1787 alias
519 1761 662 1787 centurias
675 1777 688 1795 ³.
704 1761 758 1786 tri-

174 1792 227 1820 bus
237 1792 271 1817 ab
285 1792 414 1818 Romulo
427 1791 758 1821 instimtis,1hbii¹dem‚

197 1824 282 1850 uibus
299 1824 473 1856 inauguratae
491 1830 574 1850 erant
592 1823 759 1849 nominibus

206 1856 255 1890 cit.
277 1855 323 1881 Ad
345 1861 433 1888 equos
452 1857 588 1882 emendos
608 1856 681 1881 dena
691 1855 757 1880 mil-

170 1886 215 1915 lia
233 1887 295 1912 aeris
314 1893 350 1912 ex
371 1887 484 1919 publico
504 1888 579 1913 data.
606 1887 635 1913 8<
655 1887 759 1918 quibus

174 1924 266 1951 equos
276 1919 384 1946 alerent
395 1935 403 1948 ‚
420 1919 514 1944 vidure
524 1919 680 1945 attriburae,
693 1925 756 1950 quae

173 1949 244 1977 bina
270 1950 361 1977 millia
387 1951 450 1976 aeris
469 1951 500 1976 in
521 1956 612 1976 annos
629 1947 758 1985 singulo-s

175 1982 348 2014 penderent.
387 1983 456 2008 Haec
483 1983 580 2008 omnia
597 1982 629 2007 in
649 1982 722 2007 dites
740 1990 755 2008 a

171 2014 344 2046 pauperibus
364 2013 499 2040 inclinata
518 2019 615 2039 onera.
645 2013 757 2039 Deinde

177 2044 217 2070 est
236 2045 329 2071 honos
345 2046 471 2072 additus.
491 2052 551 2071 non
562 2045 667 2080 enim·(
678 2050 711 2070 ut
723 2045 757 2070 ab

179 2077 308 2103 Romulo
327 2077 466 2104 traditum
486 2093 494 2103 2
522 2076 614 2102 caeteri
634 2076 758 2102 iervave-

175 2114 245 2135 rant
267 2109 378 2141 Reges)
397 2109 508 2134 viritim
528 2107 691 2140 suffragium
711 2115 758 2133 ea-

173 2140 240 2166 dem
260 2140 288 2165 vi
308 2156 316 2169 ,
340 2140 497 2169 codemque
517 2139 582 2175 Jure
601 2138 760 2171 promiscue

176 2172 312 2198 omnibus
320 2172 418 2198 datum
426 2171 482 2197 est:
506 2171 551 2196 led
564 2171 667 2203 gradus
679 2170 756 2199 rheti,

175 2207 211 2229 ut
230 2209 322 2234 neque
340 2203 471 2229 exclusus
487 2201 638 2234 quisquam
657 2201 756 2230 suffia-

174 2235 225 2266 gio
247 2235 393 2260 videretur
413 2250 421 2263 ‚
449 2234 530 2261 &vis
549 2235 643 2260 omnis
674 2241 759 2266 penes

174 2266 313 2300 primores
323 2267 445 2292 civitatis
455 2265 529 2292 effer.
551 2267 669 2297 Equites
680 2267 756 2292 enirn

175 2299 352 2330 vocabantur
371 2298 475 2330 primi:
496 2298 568 2323 lxxx
581 2298 648 2323 inde
660 2299 754 2330 primve

172 2328 266 2358 clai-'lis
276 2330 409 2356 centuri-‚e
422 2336 429 2360 3
447 2329 487 2354 ibi
498 2329 519 2354 {i
529 2330 662 2363 yar-latet.
675 2329 752 2360 quod

174 2360 242 2389 raro
269 2361 412 2387 incidebat
431 2376 439 2389 ‚
466 2366 498 2386 ut
520 2361 648 2386 lecundae
666 2361 754 2386 claflis

171 2397 366 2433 jocarentur.-
386 2399 438 2422 nee
455 2391 516 2421 fere
532 2398 660 2426 unquam
676 2391 757 2421 infra

722 131 924 164 Lrvii

795 174 837 200 ita
855 173 1076 202 descenderent.
1093 179 1127 201 ut
1136 171 1298 201 adInfimos
1308 172 1374 206 per-

797 207 936 232 venirent.
955 207 1017 232 Nec
1036 207 1161 232 miratio
1183 211 1280 235 ortet‚
1299 206 1380 242 hunc

795 239 928 265 ordinem
941 253 949 266 ,
966 239 1017 271 qui
1039 245 1117 264 nunc
1134 240 1158 264 ei
1183 255 1191 267 ‚
1210 237 1272 270 post
1281 237 1380 269 exple-

796 275 839 296 tas
858 271 985 303 quinque
1004 270 1033 296 Sc
1051 270 1172 302 triginta
1192 270 1308 307 tribus...
1323 269 1380 305 du-

795 302 902 334 plicato
920 309 1016 328 earum
1029 309 1165 331 numero,
1183 305 1324 327 centuriis
1333 304 1381 330 Ju-

797 334 912 359 niorum
932 333 1152 365 seniorumque,
1169 333 1204 359 ad
1216 332 1380 366 institutam

796 365 830 390 ab
850 365 947 391 servio
965 365 1067 391 Tullio
1086 364 1219 391 lumniam
1237 371 1296 390 non
1307 369 1379 389 con-

797 396 903 422 venire.
922 397 1127 428 quadrifariam
1146 396 1222 422 enim
1241 396 1312 422 urbe
1333 395 1381 421 di-

798 427 855 459 visa
865 429 1030 460 regionibus
1039 426 1218 459 collibustlue
1228 444 1236 456 ‚
1255 435 1316 460 quae
1327 426 1379 452 ha*-

797 459 962 487 bitabanrur
980 465 1073 492 partes
1084 477 1092 488 ‚
1110 459 1219 485 Tribus
1227 465 1272 484 eas
1281 458 1382 490 appel·-

795 492 886 523 lavit3
906 499 941 518 ut
959 497 1011 524 ego
1027 491 1170 517 arbitror.
1189 491 1224 516 ab
1243 490 1376 524 tributo:

797 529 862 548 nam
881 524 905 553 ej
911 530 944 549 us
963 529 1078 556 quoque
1089 523 1239 555 aequaliter
1249 527 1282 547 ex
1293 519 1379 555 censu

796 554 966 581 confierendi
985 555 1019 580 ab
1037 555 1137 584 eodem
1157 555 1231 580 inira
1242 555 1317 579 ratio
1327 553 1379 578 est.

799 587 900 618 Neque
918 587 960 612 11ae
971 587 1063 613 tribus
1072 587 1107 612 ad
1117 586 1312 612 centuriarum
1322 583 1380 611 dis-

796 618 986 656 tributionem
1005 620 1213 650 numerumque
1223 618 1377 650 quicquam

798 656 974 682 pertinuere.
1367 675 1371 679 .

830 683 900 714 Cap.
919 683 1026 708 XLIV.
1044 680 1139 708 censu
1148 678 1282 713 perfecto,
1294 685 1378 715 quem

797 719 986 740 maturaverat
1015 719 1093 740 metu
1113 714 1185 745 legis
1201 713 1238 738 de
1256 713 1379 738 ἰηεεηίις

795 744 860 770 latae
878 752 941 771 curn
962 746 1141 772 vinculorum
1161 745 1245 770 minis
1265 741 1381 770 mortis-

796 783 851 808 que
864 793 872 807 ,
889 777 981 803 edixit
993 793 1000 806 ‚
1018 783 1052 802 ur
1072 783 1170 803 omnes
1187 776 1260 810 cives
1273 777 1381 801 Rorna-

796 809 827 834 ni
840 825 847 835 ‚
864 810 973 840 equites
991 807 1173 841 peditesque,
1192 809 1222 833 in
1233 808 1291 845 luis
1300 805 1380 845 quiss
1413 821 1414 831 1

796 846 852 871 que
871 841 1008 866 centuriis
1019 841 1048 866 in
1061 847 1158 872 campo
1169 841 1277 865 Martio
1290 845 1380 874 prima

795 871 858 898 luce
875 872 1010 898 adessent.
1028 873 1073 898 Ibi
1092 870 1261 898 instrustum
1271 870 1383 896 exerci-

795 908 857 929 tum
885 910 997 929 omnem
1020 903 1259 933 suovetaurilibus
1280 902 1382 929 lustra*-

797 935 847 961 vit.
867 935 956 966 idque
968 936 1117 961 conditum
1126 935 1290 966 lustrumap
1311 933 1380 960 ella-

798 972 860 992 tum
874 983 882 996 ,
900 968 967 998 quia
985 968 1016 993 in
1038 966 1178 994 censendo
1198 965 1268 992 finiS
1299 965 1378 999 astus

798 998 847 1025 est.
889 999 988 1026 Millia
1006 999 1078 1031 lxxx
1105 1006 1140 1024 eo
1161 998 1253 1025 lustro
1273 998 1378 1024 civium

797 1029 878 1056 censa
895 1031 1044 1063 dicuntur.
1074 1029 1186 1061 Adjicit
1203 1029 1377 1064 scriptorum

795 1061 1006 1093 antiquissimus
1023 1063 1130 1088 Fabius
1146 1061 1242 1094 Pistor
1253 1076 1262 1089 ‚
1279 1067 1380 1088 eorum

796 1094 847 1125 qui
871 1093 946 1118 ferre
961 1100 1039 1120 arma
1057 1093 1165 1126 possent
1179 1110 1187 1123 ‚
1206 1099 1269 1119 cum
1280 1096 1379 1126 nume-fi

798 1131 862 1150 rum
885 1123 976 1151 fuine.
1006 1125 1053 1152 Ad
1073 1131 1133 1150 earn
1159 1125 1378 1152 multitudinem

797 1157 866 1182 urbs
885 1163 1001 1188 quoque
1022 1157 1224 1189 amplificanda
1250 1155 1307 1182 visa
1326 1155 1378 1182 est.

800 1188 893 1214 Addit
904 1189 976 1214 duos
987 1189 1084 1219 colles3
1095 1189 1276 1220 Quirinalem
1286 1188 1381 1214 vimi-2

798 1220 959 1252 nalemque.
988 1220 1056 1246 inde
1074 1219 1206 1252 deinceps
1224 1224 1308 1250 auget
1330 1219 1384 1244 Es-

799 1252 906 1308 §unias
918 1259 923 1277 z
943 1251 1040 1284 ibique
1050 1251 1107 1284 ipse
1117 1269 1124 1280 ‚
1135 1257 1168 1278 ut
1179 1253 1243 1278 loco
1252 1251 1381 1308 ἀῑῇῃίῐης

823 1289 901 1311 eret,
923 1283 1044 1309 habitat.
1072 1285 1184 1314 Aggere
1200 1284 1230 1311 8<
1249 1283 1279 1308 fo
1306 1289 1328 1308 ις
1348 1282 1379 1310 ὃς

799 1321 882 1340 muro
900 1314 1057 1341 circumdat
1076 1313 1184 1340 urbem.
1211 1315 1252 1342 ita
1271 1318 1383 1346 pomoez

800 1346 875 1372 rium
887 1345 1006 1378 profert.
1026 1346 1201 1373 Pomoerium
1212 1363 1220 1375 ‚
1233 1346 1310 1372 verbi
1322 1345 1380 1374 vini

799 1377 886 1404 solam
899 1378 1043 1404 intuentes
1054 1394 1061 1404 .
1100 1378 1276 1412 ostmoerium
1290 1379 1381 1404 intert-

799 1415 950 1442 pretantur
967 1409 1030 1436 esse.
1050 1410 1074 1436 E
1107 1415 1202 1436 autem
1212 1411 1299 1440 magis
1310 1411 1384 1437 circa

800 1448 914 1472 murum
933 1441 1013 1467 locus
1033 1448 1042 1472 ·,
1068 1449 1152 1474 quem
1171 1442 1201 1468 in
1221 1442 1381 1470 condendi&

801 1468 920 1499 urbibus
931 1474 1077 1503 quondam
1097 1472 1211 1500 Etrusci
1221 1491 1229 1502 ‚
1249 1479 1306 1505 qua
1318 1480 1381 1499 mu-

803 1511 867 1530 rum
885 1505 998 1531 ducturi
1018 1510 1100 1532 erant
1112 1521 1120 1534 ‚
1136 1505 1223 1532 certis
1235 1505 1310 1531 circa
1321 1510 1380 1531 ter—

803 1536 889 1562 minis
908 1537 1081 1570 inaugurato
1100 1536 1300 1563 consecrabant
1321 1545 1327 1562 :
1348 1538 1382 1564 ut

802 1575 895 1604 neque
913 1568 1053 1603 interiore
1071 1575 1150 1600 parte
1167 1568 1289 1594 aedificia
1307 1575 1382 1594 moe-

801 1600 886 1625 nibus
896 1601 1147 1628 continuarentur,
1159 1607 1221 1631 quae
1233 1606 1312 1627 nunc
1321 1601 1385 1627 vul·-

801 1637 837 1664 go
848 1632 932 1658 etiam
945 1632 1130 1664 conjungunt
1142 1637 1149 1662 3
1168 1632 1197 1659 8<
1207 1631 1385 1659 exn-inrecus

803 1664 867 1694 puri
888 1663 999 1695 aliquid
1021 1663 1055 1690 ab
1075 1664 1200 1689 humano
1211 1664 1293 1689 cuitu
1305 1667 1385 1696 parea

801 1701 843 1721 ret
861 1693 926 1721 soli.
954 1696 1017 1720 Hoc
1036 1693 1158 1727 spatium
1171 1711 1179 1723 ‚
1199 1695 1277 1727 quod
1289 1701 1384 1728 neque

800 1726 940 1753 habitari,
962 1733 1052 1758 neque
1069 1728 1143 1753 arari
1165 1726 1205 1752 fas
1221 1732 1301 1755 erat,
1322 1734 1384 1754 non

800 1758 887 1790 magis
901 1758 980 1789 quod
991 1759 1052 1790 post
1062 1765 1175 1785 murum
1187 1757 1253 1785 estet
1266 1775 1274 1787 ,
1295 1765 1380 1790 quarn

800 1791 879 1822 quod
889 1796 987 1814 murus
997 1790 1058 1821 post
1069 1791 1097 1816 id
1110 1805 1117 1818 ‚
1139 1791 1307 1822 pomoerium
1320 1792 1385 1816 Ro-

800 1821 877 1846 mani
898 1827 912 1846 a
935 1821 1088 1853 pellarunt.
1108 1822 1137 1848 ἃ
1158 1822 1186 1848 in
1198 1822 1278 1848 urbis
1289 1822 1383 1848 incre-

800 1858 898 1879 mento
917 1859 1014 1884 emper
1024 1871 1032 1882 ,
1050 1858 1189 1885 quantum
1199 1854 1306 1880 moenia
1315 1861 1383 1887 pro-

798 1884 901 1911 ceffiira
912 1889 993 1910 erant
1003 1901 1010 1913 .
1022 1890 1135 1912 tantum
1145 1885 1261 1912 termini
1272 1885 1303 1912 hi
1313 1892 1384 1912 con·

797 1916 900 1950 sensati
907 1919 959 1948 pro
965 1915 1137 1943 Ferebantur.

831 1949 901 1978 cap.
919 1948 1026 1972 XLV.
1047 1948 1138 1974 Austa
1148 1948 1262 1974 civitate
1271 1948 1381 1981 magni-
1402 1955 1404 1958 ’

799 1979 900 2006 tudine
910 1979 990 2006 urbis
1000 1995 1008 2007 ‚
1021 1980 1150 2006 formatis
1160 1981 1291 2006 omnibus
1300 1981 1381 2009 domi

799 2012 833 2037 ad
858 2010 925 2037 belli
944 2011 973 2038 Se
991 2012 1027 2037 ad
1039 2013 1112 2043 pacis
1124 2009 1208 2040 usus,
1225 2018 1263 2038 ne
1272 2011 1380 2043 iemper

797 2043 884 2068 armis
903 2049 970 2074 opes
985 2044 1202 2076 acquirerentur
1221 2059 1230 2073 ,
1258 2043 1383 2070 consilio

797 2080 901 2105 augere
919 2074 1069 2106 Imperium
1092 2075 1212 2101 conatus
1222 2075 1271 2101 est.
1290 2075 1378 2102 simut

797 2105 825 2132 &
844 2106 963 2138 aliquod
981 2106 1086 2133 addere
1104 2106 1169 2134 urbi
1195 2107 1290 2133 decus.
1315 2107 1380 2138 Jam

800 2142 860 2163 tum
871 2142 932 2163 erat
942 2138 1075 2164 inclitum
1088 2139 1187 2170 Dianae
1200 2137 1327 2171 Ephesiae
1338 2137 1380 2164 fa-

799 2176 867 2204 num
890 2177 897 2194 .·
926 2169 955 2194 id
974 2171 1164 2204 communiter
1181 2168 1196 2195 a
1217 2170 1383 2202 civitatibus

801 2202 872 2226 Aiiae
900 2199 1005 2236 fastum
1025 2201 1099 2228 sana
1125 2203 1244 2230 ferebat.
1283 2203 1381 2234 Quum

797 2231 964 2258 consensum
984 2233 1115 2266 Deolque
1133 2233 1312 2260 consociatos
1320 2234 1382 2260 lau*

799 2265 879 2290 daret
889 2265 960 2290 mire
973 2266 1085 2292 Servius
1100 2267 1176 2291 inter
1187 2271 1315 2297 proceres
1324 2266 1381 2292 La·

800 2296 947 2324 tinorum,
965 2303 1030 2330 qum
1049 2297 1152 2329 quibus
1163 2297 1276 2329 publice
1307 2297 1382 2323 riva-

798 2328 908 2359 timque
926 2327 1053 2362 ,hospitia
1071 2327 1265 2363 amicitiasque
1302 2335 1318 2359 e
1337 2329 1384 2355 in·

798 2358 906 2386 dustria
923 2364 1078 2389 junxerat,
1095 2359 1166 2393 saepe
1185 2360 1318 2386 iterando
1337 2366 1383 2394 ea-v

796 2392 861 2423 dem
871 2406 879 2422 ‚
899 2391 1148 2424 perpulittandem
1158 2407 1167 2424 ,
1187 2397 1221 2420 ut
1233 2390 1384 2455 Κοωῖὧαῆ
