1414 2655
136 155 176 214 {x
185 189 286 214 somno
297 183 490 210 moliebantur
502 189 508 208 ε
529 186 593 214 pars
601 181 723 214 vigilan-

138 226 183 248 tes
201 219 293 246 adhuc
311 217 346 242 ad
367 214 517 246 strepitum
526 215 717 245 pugnantium

139 253 172 278 in
192 249 316 279 tenebris
334 252 465 273 currunt.
496 246 598 273 Hostes
615 246 719 282 partim

136 285 299 316 permittas
317 281 436 311 jacentis
454 279 529 304 muri
540 278 722 304 transcende-

138 325 172 343 re
189 319 349 343 conantur:
370 311 475 342 partim
495 310 576 336 scalis
593 307 721 336 ascensus

137 353 267 375 tentant.
292 342 425 371 adversus
443 349 516 374 quos
534 342 607 368 undi
630 349 666 378 ue
682 342 718 368 ad

137 386 223 408 opem
249 376 394 405 ferendam
419 379 576 403 occurrunt
652 373 719 400 toli.

137 413 209 439 Pars
227 417 302 437 una,
324 409 354 434 in
375 413 430 439 qua
447 406 569 432 aedificia
579 411 662 432 extra
671 412 720 431 ur·

137 446 202 470 bem
211 447 293 470 erant
306 458 313 469 ‚
335 446 428 471 neque
436 438 615 466 defenditur,
627 444 721 469 neque

135 479 322 509 oppmgnatur
338 471 410 498 :³sed
432 471 483 499 aui
501 475 717 503 oppugnarent,

134 506 367 538 inten'tifignum
386 502 601 531 exspestabant,
620 501 720 528 defen-

137 540 187 566 :sor
207 545 290 565 nemo
300 537 408 562 aderat.
427 535 491 570 Jam
510 533 718 569 dilucescebat‚

138 579 231 603 quum
243 571 353 602 signum
373 567 474 594 consul
495 566 594 592 deditr
619 566 719 592 &sine

137 605 204 630 ullo
224 601 380 629 certamine
401 598 502 629 partim
514 604 564 629 per
573 597 719 626 semiruta,

135 636 246 668 partim
263 632 344 660 scalis
371 631 500 661 integros
523 636 621 655 muros
640 635 720 655 tran-

136 668 285 694 scendere.
306 663 393 690 Simul
411 662 519 688 clamor
536 662 624 687 index
642 662 718 692 capti

138 699 243 732 «oppidi
253 698 293 724 est
302 695 470 723 exauditus.
493 694 624 724 undique
635 693 719 720 Aito-

136 733 164 759 li
185 730 304 758 desertis
323 726 495 754 stationibus
514 726 544 750 in
564 732 655 751 arcem
674 726 722 752 fu-

138 764 238 795 giunt.
277 759 421 793 Oppidum
448 758 569 783 victores
586 758 720 787 permlll‘u

138 793 265 822 consulis
284 791 447 823 diripiunt:
472 795 531 814 non
552 794 608 815 tam
618 789 702 823 abira
714 806 722 818 ,

139 833 197 853 :nec
206 827 241 852 ab
258 826 347 852 odio,
363 829 446 854 quam
464 826 498 847 ut
516 821 596 847 miles
615 821 722 847 coerci-

138 865 192 886 tus
212 859 241 884 in
261 862 308 884 tot
328 854 447 886 receptis
466 859 502 879 ex
522 853 659 884 potestate
668 853 721 879 ho—

140 891 228 917 stium
245 888 383 915 urbibus,
403 885 441 911 ali
464 891 501 910 uo
523 885 636 911 tandem
659 885 723 911 loco

140 922 270 949 fructum
291 919 418 946 vietoriae
449 917 567 942 entiret.
596 911 721 944 Revoca.

142 960 191 981 tos
210 953 280 980 inde
300 950 315 977 a
333 950 427 976 medio
443 948 533 974 ferme
551 948 597 974 die
617 949 722 975 milites

141 993 234 1019 quum
248 986 278 1011 in
288 984 358 1010 duas
369 980 503 1008 divisisset
512 986 605 1012 partes
618 986 625 1011 ;
636 987 722 1006 unam

143 1018 291 1045 radicibus
316 1015 458 1041 montium
485 1012 658 1039 circumduci
688 1013 723 1039 ad

143 1056 246 1082 rupem
265 1047 344 1079 justit
359 1054 365 1071 ς
383 1052 447 1077 quae
458 1043 572 1076 fastigio
590 1044 725 1071 altitudi-

141 1083 193 1108 nis
214 1087 280 1113 par,
301 1078 394 1104 media
411 1077 484 1102 valle
509 1076 589 1102 velut
604 1076 725 1109 abrupta

143 1114 182 1140 ab
198 1119 261 1139 arce
279 1117 357 1138 erat:
377 1107 422 1135 sed
440 1109 513 1134 adeo
530 1114 618 1140 prope
635 1109 724 1138 gemi-

145 1151 215 1172 nata
226 1144 331 1172 cacumi
338 1148 373 1167 na
382 1147 482 1166 eorum
492 1141 636 1166 montium
645 1138 725 1168 sunt,

144 1183 181 1204 nt
199 1183 235 1203 ex
251 1175 356 1202 vertice
372 1173 465 1199 altero
481 1172 587 1202 conjici
614 1173 672 1198 tela
693 1173 723 1197 in

140 1215 238 1236 arcem
264 1207 390 1239 poffint:
411 1210 475 1230 cum
499 1203 621 1230 dimidia
648 1203 725 1229 mili-

145 1247 211 1267 tum
230 1246 311 1272 patre
336 1234 438 1264 consul
454 1235 488 1261 ab
508 1235 580 1261 urbe
599 1234 725 1261 escensu-

143 1279 198 1299 τηε
222 1273 252 1299 in
281 1276 373 1297 arcem
386 1285 395 1297 ,
411 1268 522 1300 fignum
541 1267 576 1292 ab
603 1268 657 1295 iis,
674 1268 726 1299 qui

143 1306 180 1332 ab
206 1309 289 1336 tergo
314 1304 345 1328 in
369 1306 469 1331 rupem
489 1297 597 1325 evasuri
624 1305 726 1328 erant,

143 1335 336 1368 exspeezabat.
355 1333 425 1359 Non
437 1332 530 1357 tulere
545 1331 596 1362 qui
614 1331 644 1356 in
663 1337 727 1356 arce

143 1374 230 1396 erant
246 1366 342 1394 AEtoli
354 1365 475 1396 primum
485 1369 586 1388 eorum
596 1379 605 1390 ,
617 1363 667 1393 qui
680 1370 728 1388 m-

167 1407 211 1427 em
235 1403 367 1430 ceperant
389 1413 397 1423 ,
422 1396 592 1422 clamorem,
619 1395 727 1420 deinde

143 1437 284 1464 :impetum
310 1430 346 1455 ab
370 1428 441 1454 urbe
459 1427 677 1456 Rornanomm3
696 1425 725 1452 ὃς

143 1465 247 1491 fractis
265 1464 320 1492 jam
338 1460 460 1487 animis,
477 1459 505 1484 δε
517 1458 596 1484 nulla
609 1458 647 1484 ibi
659 1465 725 1488 prte-

140 1500 243 1529 parata
252 1501 282 1520 re
302 1493 337 1519 ad
348 1491 527 1518 obsidionem
536 1489 649 1515 diutius
656 1490 728 1515 tole-

143 1528 282 1555 randam:
305 1529 410 1556 utpote
426 1522 607 1554 congrefzatis
634 1521 728 1547 fremi-

145 1561 213 1586 κείς,
230 1555 399 1589 puerisque,
418 1555 447 1581 St
470 1553 580 1579 imbelli
599 1553 655 1580 alia
666 1559 728 1580 tur-

143 1593 184 1618 ba
205 1592 236 1617 in
257 1595 347 1616 arcem
360 1603 368 1615 ‚
391 1593 454 1617 quae
473 1586 522 1611 vix
538 1591 655 1617 capere,
677 1592 727 1610 ne-

145 1625 217 1650 dum
230 1622 305 1648 tueri
314 1617 537 1646 multitudinem
545 1621 653 1643 tantam
664 1617 727 1648 pos-

142 1655 199 1682 set.
217 1655 315 1685 itaque
331 1651 366 1678 ad
386 1650 511 1681 primum
532 1648 571 1674 lm
592 1653 670 1674 etum
681 1649 726 1674 ab.

145 1687 229 1720 iestis
252 1684 341 1711 armis
365 1681 541 1719 dediderunt
570 1679 625 1707 ese.
654 1682 726 1706 Tra-

143 1719 228 1746 ditus
250 1718 329 1744 inter
352 1719 470 1741 caeteros
505 1718 618 1744 rinceps
642 1713 729 1740 AEto-

143 1751 243 1778 lorum
259 1746 443 1775 Damocritus
468 1719 527 1771 eft:
548 1744 601 1776 qui
622 1745 729 1776 princi-

143 1783 195 1817 pio
214 1781 284 1808 belli
300 1781 445 1806 decretum
461 1776 646 1806 AEtolorum‚
666 1784 726 1808 quo

141 1813 338 1843 arceflendum
355 1809 533 1837 Antiochum
547 1807 728 1838 censuerant,

147 1849 189 1873 Τ.
212 1845 340 1878 Quintio
365 1841 496 1872 poscenti
523 1839 724 1872 responderate

143 1879 184 1906 In
203 1879 217 1904 1
222 1877 297 1904 talia
306 1876 443 1901 daturum
453 1889 462 1902 ,
502 1878 570 1897 uum
581 1872 671 1904 castra
684 1873 726 1898 ibi

146 1909 268 1937 vAEtoli
285 1902 447 1941 posuiffent.
465 1911 484 1930 o
518 1911 582 1942 ‚eam
592 1905 726 1931 ferociam

146 1943 241 1974 majus
256 1939 414 1967 victoribus
438 1937 578 1970 gaudium
603 1937 729 1964 traditus

188 1983 196 2001 ι
216 1994 222 2000 .

148 1975 252 2038 fuctap.
270 2006 296 2030 X
307 2005 331 2029 x
341 2003 379 2028 v.
398 2001 508 2027 Eodem
527 2004 657 2037 tempore
668 2005 727 2030 quo

150 2038 280 2066 Romani
300 2034 486 2069 Heracleam,
505 2031 654 2063 Philippus
673 2033 728 2058 La—

146 2071 235 2096 miam
246 2074 281 2095 ex
292 2066 449 2097 composito
458 2064 640 2096 oppugnabat
654 2070 661 2093 3
672 2065 729 2090 cir-

146 2109 180 2130 ea
191 2099 398 2131 Thermopylas
407 2103 474 2134 curn
479 2095 595 2122 consule
606 2097 729 2134 redeun-

144 2139 176 2164 te
186 2140 222 2160 ex
242 2132 377 2159 Boeotia,
398 2135 432 2156 ut
450 2128 597 2154 Vlstofiam
615 2129 668 2159 ipit
679 2135 728 2159 po-

146 2166 276 2198 puloque
296 2166 428 2190 Romano
444 2160 638 2192 gratularetur
649 2177 656 2189 ,
678 2165 727 2185 ex-

143 2197 314 2228 cusaretque
338 2193 418 2227 quod
445 2193 544 2218 morbo
577 2192 729 2224 impeditus

149 2231 228 2256 bello
248 2235 308 2255 non
334 2223 526 2253 interminer,
555 2223 726 2253 conaren'us.

146 2262 218 2289 inde
227 2259 332 2288 diversi
343 2259 378 2284 ad
389 2257 459 2283 duas
467 2256 549 2282 simul
561 2262 729 2287 oppugnan-

147 2294 200 2320 das
217 2293 302 2319 urbes
311 2289 444 2322 profesti.
461 2286 613 2314 Intersunt
622 2287 726 2318 septem

147 2325 242 2351 millia
253 2323 342 2350 ferme
352 2321 488 2354 passuum.
505 2320 534 2347 ὃ(
555 2320 622 2352 quia
631 2320 729 2346 Lamia

148 2363 240 2387 quum
251 2355 342 2387 posita
351 2354 391 2380 est
412 2354 441 2380 in
460 2351 575 2378 tumulo
587 2367 594 2379 ‚
614 2357 674 2378 tum
685 2358 725 2376 re-

147 2389 266 2421 gionem
294 2393 326 2413 ea
347 2386 470 2412 maxime
488 2382 631 2416 ‹lespeetat
646 2383 728 2416 oppi-

148 2422 232 2452 dum.
242 2426 300 2454 qua
308 2419 390 2447 breve
401 2415 590 2446 intervallum
602 2416 726 2446 videtur,

581 135 896 169 T.L¹vtr

771 177 801 204 8(
822 177 920 204 omnia
939 175 971 204 in
990 173 1142 212 conspeetu
1152 174 1240 208 sunt3
1261 182 1353 209 quum

771 209 856 235 enixe
867 208 945 235 velut
964 210 1113 240 proponto
1122 209 1279 236 certamine
1290 211 1353 236 Ro-

772 242 850 267 mani
862 239 1092 271 Macedonesque
1101 241 1176 267 diem
1186 247 1218 268 ac
1227 242 1354 271 nostem,

771 274 862 300 autin
877 273 1012 303 operibus
1034 272 1124 299 autin
1137 273 1243 305 praeliis
1251 273 1353 302 essent,

773 305 829 331 hoc
851 305 943 335 major
967 303 1124 331 difficultas
1148 304 1358 332 Macedonibus

772 342 833 363 erat
845 354 853 363 .
874 337 953 368 quod
968 337 1091 363 Romani
1102 336 1241 367 aggere&
1261 337 1356 364 vineis

771 367 801 395 &
821 369 952 395 omnibus
970 368 1053 400 supra
1074 374 1179 395 terram
1197 369 1334 401 operibus
1346 384 1356 398 2

770 400 874 427 subtus
893 396 1068 427 Macedones
1091 400 1235 428 cuniculis
1260 407 1356 432 oppu-

768 433 892 463 gnabant
903 441 908 458 :
921 433 950 459 St
960 433 990 458 in
1001 431 1035 458 as
1049 433 1106 459 cris
1115 432 1189 458 locis
1197 431 1269 458 silex
1280 431 1352 466 saepe

774 465 1002 497 impenetrabilis
1033 471 1099 490 erro
1118 465 1296 491 occurrebat.
1323 464 1355 493 δε

768 503 856 530 quum
882 502 981 526 parum
1002 496 1170 527 procederet
1189 496 1347 528 inceptum,

768 535 818 560 per
843 528 990 559 colloquia
1008 528 1169 560 principum
1190 529 1354 560 oppidanos

768 561 900 586 tentabar
927 566 976 586 rex
989 576 996 588 ,
1013 565 1046 586 ut
1065 559 1164 586 urbem
1189 560 1350 587 dederent:

769 592 845 618 hand
854 592 959 619 dubius
971 608 979 619 ‚
998 592 1069 624 quin
1085 591 1106 617 fi
1128 591 1356 619 priusneracle·

770 624 959 682 iiiiiei‘ffti‘ri
969 623 1354 687 &alffiiffl‘ffssffii'ssss

771 686 871 713 consul
892 688 922 713 in
939 672 1091 714 obsidione
1101 687 1251 713 liberanda
1262 686 1354 713 fastu·

770 726 821 746 rus
829 716 906 746 esset.
924 725 975 745 nec
995 725 1060 745 eum
1071 719 1174 750 opinio
1182 718 1221 744 est
1232 718 1354 744 frustra·

769 756 798 778 ta
811 759 818 777 :
831 751 984 777 confestim
994 752 1074 777 enim
1083 751 1119 777 ab
1127 750 1263 777 Heraclea
1273 754 1357 782 capta

774 783 897 810 nuncius
908 783 998 811 venit,
1008 789 1042 808 ut
1052 782 1271 814 oppugnatione
1281 782 1356 808 abli-

771 816 868 842 stetet.
886 813 1067 846 aequiuseffe.
1078 815 1225 850 Romanos
1235 813 1357 845 milites,

771 847 823 879 qui
833 847 894 873 acie
905 846 1082 873 dimicassent
1091 845 1355 878 mmAEtolis,prae-

774 880 830 905 mia
840 879 969 905 victori-*e
991 879 1103 904 habere.
1121 879 1166 904 Ita
1176 877 1308 906 recessum
1317 880 1354 906 ab

771 911 870 936 Lamia
889 910 928 936 est
939 926 947 938 ,
969 910 998 937 8:
1009 910 1179 942 propinquae
1187 911 1268 937 clade
1277 911 1360 940 urbis

774 942 826 974 ipsi
838 960 844 970 .
859 949 895 968 ne
903 942 974 974 quid
985 941 1076 969 simile
1086 948 1255 974 paterentur
1263 959 1272 973 ,
1283 943 1358 971 effu-

794 979 892 1001 erunt.

775 981 792 1006 g
807 1007 876 1038 cap.
896 1007 956 1031 xx
968 1005 994 1030 v
1006 1006 1032 1031 1.
1057 1004 1156 1032 Paucis
1182 1005 1349 1038 priusquam

772 1037 911 1065 Heraclea
935 1042 1083 1069 caperetur
1107 1038 1209 1064 diebus
1222 1053 1232 1066 ‚
1258 1037 1356 1066 AEtoii

773 1070 899 1096 concilio
909 1071 1051 1102 Hypatam
1059 1070 1157 1096 coacto
1168 1086 1176 1097 2
1186 1069 1297 1101 legatos
1313 1071 1352 1098 ad

774 1102 953 1129 Antiochum
972 1100 1131 1127 miserunt:
1152 1102 1228 1128 inter
1257 1102 1351 1130 uos&

775 1133 874 1160 Thoas
884 1133 959 1160 idem
971 1148 981 1161 ,
992 1133 1041 1164 qui
1053 1132 1082 1158 δι
1091 1137 1186 1161 antea,
1195 1133 1233 1159 ml
1258 1139 1292 1160 us
1300 1134 1352 1160 est.

773 1166 906 1192 mandata
922 1170 1004 1191 erant
1017 1181 1024 1191 ,
1043 1169 1077 1191 ut
1095 1164 1129 1190 ab
1147 1171 1211 1196 rege
1240 1169 1357 1192 ererent

773 1197 897 1229 primum
910 1213 918 1226 ,
930 1202 964 1224 ut
975 1195 1034 1228 ipse
1045 1196 1150 1222 coactis
1158 1203 1193 1222 ru
1225 1203 1256 1222 us
1266 1200 1356 1223 terte·

773 1229 877 1256 stribus
893 1228 1095 1260 navalibui'clue
1104 1228 1192 1259 copiis
1204 1244 1212 1256 .
1233 1229 1264 1254 in
1274 1228 1359 1254 Grae-

773 1262 846 1287 ciam
856 1262 1003 1291 traiiceret
1016 1267 1023 1285 z
1034 1259 1150 1287 deinde,
1160 1259 1180 1285 si
1193 1265 1250 1291 qua
1260 1257 1356 1291 ipsum

775 1297 887 1319 teneret
907 1299 965 1320 res,
991 1296 1025 1318 ut
1045 1291 1357 1323 pecuniam&auxilla

776 1325 914 1351 mitteret.
925 1324 956 1350 id
967 1330 1055 1356 quum
1065 1323 1101 1348 ad
1112 1323 1285 1354 dignitatem
1296 1325 1359 1355 elus

775 1356 922 1387 fidemque
930 1355 1147 1387 pertinere‚non
1160 1355 1246 1385 prodi
1254 1353 1360 1383 socios.

775 1393 837 1414 tum
856 1388 942 1414 etiam
963 1387 999 1413 ad
1019 1386 1248 1412 incolumitatem
1266 1387 1359 1418 regni.

774 1427 834 1445 non
855 1419 947 1445 {inere
966 1419 1114 1444 Romanos
1133 1418 1212 1442 omni
1232 1424 1301 1444 cura
1311 1424 1375 1450 va.-

772 1458 851 1480 cuos‚
861 1457 951 1484 quum
961 1449 1129 1476 AEtolorum
1140 1454 1253 1484 gentem
1263 1449 1357 1476 sustu-

774 1483 870 1510 lissent
881 1499 889 1512 ,
901 1482 1035 1507 omnibus
1046 1480 1136 1513 copiis
1147 1481 1177 1506 ln
1190 1480 1284 1506 Asiam
1297 1487 1358 1508 tra-

774 1516 872 1547 jicere.
892 1515 967 1540 Vera
985 1518 1066 1539 erant
1088 1519 1149 1543 quae
1158 1512 1349 1540 dicebantur:

774 1554 810 1573 eo
821 1547 909 1578 magis
927 1551 1021 1578 regem
1029 1548 1193 1570 moverunt.
1213 1544 1314 1576 ltaque
1324 1545 1356 1570 in

777 1579 925 1609 prael'entia
936 1577 1096 1609 pecuniam,
1105 1582 1169 1607 quae
1178 1575 1213 1601 ad
1223 1574 1290 1602 usus
1301 1576 1362 1602 bel-

775 1611 797 1637 li
810 1609 958 1637 necesiaria
970 1615 1041 1636 erat.
1052 1608 1154 1639 legatis
1163 1607 1243 1634 dedit
1256 1615 1263 1632 t
1276 1608 1361 1634 auxi-

773 1643 812 1669 lia
839 1642 982 1669 terrestria
1018 1639 1185 1672 navaliaque
1208 1638 1362 1666 affirmavit

778 1674 935 1701 missurum.
953 1673 1117 1699 Thoantem
1136 1677 1227 1698 unum
1238 1676 1274 1696 ex
1283 1671 1362 1702 lega-

775 1708 812 1734 tis
831 1706 973 1736 retinuit,
992 1705 1022 1732 &
1042 1703 1132 1736 ipsum
1143 1703 1358 1738 liaudjnvitum

778 1744 936 1765 morantem
949 1753 956 1766 ‚
977 1743 1010 1762 nt
1029 1736 1145 1762 exastor
1157 1738 1279 1768 praeiens
1291 1741 1363 1768 pro-

779 1770 926 1798 missorum
937 1768 1051 1795 adesset.

809 1805 880 1835 cap.
908 1803 933 1826 X
946 1802 970 1825 x
983 1802 1007 1825 V
1020 1801 1033 1826 1
1044 1800 1069 1825 1.
1098 1800 1240 1826 exterum
1271 1800 1362 1826 Hera·

777 1835 836 1861 elea
854 1838 935 1867 capta
953 1833 1040 1865 fregit
1052 1832 1166 1858 tandem
1177 1831 1289 1857 animos
1307 1831 1362 1858 ΙΕ-

779 1865 954 1894 toletum&
969 1864 1030 1896 post
1040 1869 1144 1894 paucos
1154 1863 1215 1889 dies
1227 1869 1312 1895 quam
1320 1864 1358 1890 ad

779 1899 885 1925 bellum
898 1896 1093 1922 renovandum
1108 1912 1115 1922 .
1135 1894 1361 1925 acciendumque

780 1937 872 1962 regem
884 1930 913 1955 in
928 1929 1021 1954 Asiam
1032 1926 1167 1953 miserant
1178 1926 1297 1958 legato&
1309 1926 1359 1951 ab·

779 1963 859 1994 jectis
884 1961 955 1988 belli
972 1960 1116 1987 consiliis,
1136 1956 1211 1989 pacis
1230 1958 1360 1989 petendae

780 1999 909 2021 oratores
926 2009 933 2021 ,
963 1995 998 2018 ad
1025 1990 1174 2018 consulem
1208 1989 1362 2016 miserunt.

781 2028 862 2060 Quos
879 2026 974 2052 dicere
993 2022 1113 2049 exorsos
1121 2020 1223 2049 consul
1237 2021 1363 2057 interfa-

780 2065 842 2087 tus,
866 2064 953 2090 quum
971 2055 1086 2085 aliasibi
1100 2054 1295 2086 praevertenda
1306 2053 1361 2080 elle

779 2089 911 2120 dixissen
937 2088 1030 2113 redire
1048 2089 1191 2118 Hypatam
1212 2091 1261 2111 eos
1281 2085 1358 2112 datis

779 2124 891 2149 dierum
901 2121 993 2147 decem
1006 2119 1140 2145 induciis.
1150 2117 1179 2144 &
1190 2118 1226 2142 L.
1240 2117 1361 2143 Valerio

782 2156 884 2181 Flacco
902 2158 965 2178 cum
976 2151 1012 2176 iis
1030 2149 1128 2178 misso,
1149 2149 1241 2180 justit.
1259 2149 1286 2174 ei
1296 2155 1361 2180 qur:

779 2186 871 2213 secum
881 2184 971 2211 acturi
990 2181 1125 2208 fuissent,
1144 2185 1310 2212 exponerez
1329 2180 1360 2208 St

780 2219 801 2244 si
827 2224 882 2250 qua
901 2216 1008 2242 vellent
1028 2214 1096 2241 alia.
1115 2213 1257 2249 Hypatam
1275 2217 1309 2238 ut
1318 2211 1359 2238 est

779 2256 896 2276 ventum
908 2265 916 2276 ‚
935 2246 1076 2278 principes
1098 2245 1266 2271 Aetolorum
1283 2244 1360 2275 apud

780 2283 913 2309 Flaccum
922 2279 1077 2306 concilium
1088 2277 1271 2307 habuerunt3
1291 2281 1362 2302 con-

783 2314 923 2342 (uitantes
935 2328 942 2337 .
963 2316 1089 2342 quonam
1106 2308 1246 2341 agendum
1272 2307 1360 2332 modo

781 2346 855 2379 apud
876 2343 1024 2372 consulem
1043 2341 1128 2367 foret.
1147 2338 1360 2378 parantibuslls

778 2378 899 2409 antiqua
908 2375 1048 2401 foederum
1070 2372 1182 2402 ordii-13
1200 2371 1356 2400 meritaque

780 2411 811 2440 in
821 2408 958 2444 populum
969 2403 1134 2460 {obianum
1146 2420 1153 2433 ,
1170 2400 1355 2460 Alfistssatg
