1414 2655
171 95 218 132 62
569 95 634 130 .·1·.

172 148 191 168 e
203 103 245 169 h*
247 141 366 175 Equites
375 139 428 168 diu
440 138 555 174 ignat-1.
572 140 713 175 &puenae
722 142 752 169 81

172 180 192 199 v
206 174 302 201 &oriae
318 174 438 199 suorum
450 187 459 201 2
475 173 626 200 steterunt.
643 174 751 200 deinde

170 205 204 234 Bt
214 205 267 240 ipfi
277 222 286 235 ‚
302 209 444 236 quantum
455 205 523 235 equi
534 204 565 230 in
575 205 666 232 colles
672 205 752 232 subi-

169 244 205 264 re
215 242 349 270 poterant
361 245 367 262 :
386 234 498 269 sparsos
507 235 540 262 fu
561 242 578 262 a
586 237 687 263 Gallos
697 239 753 264 cir-

172 275 209 296 ca
226 269 334 296 radices
351 269 460 295 montis
477 275 532 294 con
547 269 631 295 eetati
642 269 752 296 cecide-

168 303 202 328 τε
214 317 223 331 ,
242 306 294 328 aut
303 306 411 329 cepere.
429 301 575 326 Numerus
585 300 752 327 interfeci(-

170 339 238 360 rum
248 333 326 359 haud
336 331 421 358 facile
433 331 502 358 iniri
514 332 621 364 potuit,
632 333 701 364 <luia
710 333 751 359 ia-

168 370 202 392 te
219 365 298 391 inter
323 370 424 390 omnes
440 363 586 390 anfractus
604 365 749 391 monrium

168 395 333 429 fugaque&
344 396 433 422 caedes
444 395 518 422 fuit:
538 395 567 422 8<
580 402 621 421 ma
644 403 679 421 na
688 403 751 428 pars

167 429 290 460 rupibus
308 428 394 454 inviis
412 427 443 452 in
454 427 630 459 profundaea
647 428 750 464 titudi-

169 460 220 487 nis
237 459 384 486 convalles
396 459 508 490 delapsa
519 460 569 486 est:
583 465 645 490 pars
658 461 688 486 in
700 461 747 486 iil-

165 492 213 518 vis
240 490 430 524 vepribusque
446 490 548 517 occisa.
586 492 746 519 Claudius,

189 523 221 551 ui
241 523 285 550 bis
302 527 459 555 pugnatum
470 523 500 548 in
513 522 637 554 olympo
648 528 747 550 monte

180 556 285 584 cribit,
305 555 341 581 ad
353 553 542 586 quadraginta
553 554 645 580 millia
656 555 747 581 homi-

165 594 239 615 num
249 585 316 613 caesa
328 603 336 615 ,
357 584 458 611 auctor
468 587 517 612 est.
539 587 674 613 Valerius
685 588 746 612 An-

165 620 233 647 tias,
245 619 296 650 qui
306 616 576 653 magis·lrnmodicus
584 619 614 644 in
627 624 747 644 numero

167 651 303 683 augendo
321 649 375 677 efle
394 647 485 678 solet,
506 655 565 675 non
577 650 641 682 plus
650 651 744 676 decem

166 683 274 710 miliia.
292 682 439 708 Numerus
455 681 632 715 captivorum
643 699 650 710 ,
669 682 744 707 haud

171 715 260 741 dubie
278 713 371 739 millia
388 713 582 745 quadraginta
599 714 742 744 explevit:

169 746 242 779 quia
270 745 364 771 omnis
388 745 502 776 generis
520 745 667 777 :eratisque
684 750 745 771 tur-

171 779 237 804 bam
260 776 355 804 secum
381 780 530 802 traxerant
551 782 560 806 ς
585 777 745 808 demigran-

167 811 245 838 tium
265 809 352 840 magis
361 813 444 838 cluam
455 809 484 833 ln
497 807 603 833 bellum
613 808 746 835 euntIum

170 842 271 868 modo.
289 838 400 866 consul
417 840 503 865 armis
511 840 634 865 hostium
645 841 675 866 in
684 847 747 866 uno

168 872 361 901 concrematis
379 871 514 900 cumulo,
534 877 662 898 caereram
679 879 748 903 prae-

172 905 238 931 dam
255 903 390 930 conferre
408 908 506 928 omnes
525 903 624 934 justit:
643 903 672 931 ὃς
692 909 745 929 aut

164 935 300 962 vendidit
312 935 390 966 quod
400 935 462 964 ejus
473 935 503 959 in
515 935 661 965 publicum
671 935 746 961 redi-

167 968 296 1003 gendum
308 972 370 993 erat
382 975 395 1002 :—
406 972 457 992 aut
467 972 530 992 cum
539 972 747 1005 ctu-tamquam

172 998 748 1062 ἷὲἓἒὲὶῗιῗυὲἓῗῖέρΐὲἓὲῗίἐέἑῖῗέὲὲὲξ’ἑὲ

127 1083 132 1085 ,
170 1063 251 1090 sunt¹
263 1062 424 1092 donatique
436 1068 487 1092 pro
498 1063 604 1088 merito
614 1061 746 1093 quisque.

119 1101 122 1103 ·
167 1100 240 1122 ante
249 1100 348 1120 omnes
360 1094 490 1121 Attalus,
510 1092 621 1120 summo
632 1099 747 1120 cretero-

168 1133 236 1153 rum
246 1124 354 1152 assensu
366 1133 373 1151 ι
392 1131 456 1151 nam
468 1125 621 1157 singularis
629 1126 691 1155 ejus
701 1127 747 1157 ju-

169 1159 250 1184 venis
271 1164 360 1190 quum
388 1158 480 1184 virtus
505 1157 534 1184 Sc
556 1158 696 1192 ind-ustria
715 1159 746 1183 in

167 1190 305 1216 omnibus
313 1189 672 1221 laboribusmericuiilque,
685 1194 745 1216 tum

164 1222 306 1248 modestia
315 1221 401 1246 etiam
411 1219 517 1247 fuerat.

202 1255 274 1285 Cap.
302 1253 387 1278 XXI
400 1253 438 1278 V.
467 1253 619 1282 Supererat
637 1253 744 1278 bellum

167 1285 317 1316 integrum
343 1291 406 1311 cum
416 1283 592 1314 Testosaais.
629 1285 674 1310 Ad
697 1291 745 1311 eos

167 1316 320 1349 profectus
337 1315 457 1343 consul,
476 1317 571 1342 tertiis
580 1316 675 1343 castris
687 1319 746 1342 An-

166 1355 265 1381 cyram
276 1364 284 1374 .
302 1348 430 1373 nobilem
447 1347 546 1374 inillis
556 1349 625 1374 locis
635 1348 745 1378 urbem,

165 1380 321 1412 pervenit:
339 1380 418 1405 unde
427 1379 520 1406 hostes
547 1379 615 1405 aulo
624 1380 745 1412 plusde-

146 1438 149 1439 γ
165 1419 228 1438 cem
248 1411 340 1437 miliia
351 1411 480 1437 aberant.
500 1387 655 1443 Ussiquum
666 1412 747 1450 stati-

165 1450 202 1471 va
221 1442 326 1471 essent,
347 1442 459 1469 facinus
477 1443 687 1469 memorabilea
700 1450 745 1470 ca-

165 1475 248 1508 ptiva
267 1475 376 1501 fastum
396 1475 446 1502 est.
466 1475 632 1507 ortigontis
652 1476 746 1508 reguli

167 1513 248 1534 uxor
257 1506 351 1533 forma
363 1507 467 1532 eximia
476 1507 688 1533 custodiebatur
699 1508 745 1533 in-

165 1544 214 1567 ter
225 1539 321 1569 plures
329 1539 465 1569 captivos,
478 1538 524 1564 cui
535 1538 669 1565 custodiae
680 1545 745 1564 cen-

165 1571 248 1598 turio
269 1576 406 1601 praeerat,
427 1570 457 1597 St
476 1570 744 1597 libidinis&avari-

166 1603 219 1630 tiae
240 1602 384 1630 militaris.
405 1603 434 1628 Is
443 1602 537 1634 primo
546 1602 608 1632 ejus
617 1602 742 1637 animum

163 1635 299 1662 tentavit.
316 1640 401 1665 quem
419 1640 509 1664 quum
519 1634 720 1660 abhorrentem
730 1641 746 1660 a

164 1665 335 1693 voluntario
354 1665 464 1692 videret
475 1665 597 1697 stupr03
616 1672 666 1703 cor
688 1666 744 1693 ori.

164 1699 248 1729 quod
257 1697 369 1723 servum
379 1697 499 1724 fortuna
508 1702 569 1723 erat
578 1713 585 1724 ,
597 1704 654 1723 vim
679 1697 743 1724 ecit.

164 1730 283 1756 Deinde
298 1730 334 1755 ad
353 1729 517 1756 leniendam
536 1729 741 1758 indignitatem

163 1761 301 1792 iujai-ke,
318 1759 394 1794 spem
413 1761 525 1787 reditus
542 1761 664 1799 acl-suos
683 1767 745 1788 mu-

161 1793 232 1820 lieri
250 1793 331 1820 tacit.
356 1793 387 1820 Sc
406 1799 444 1818 ne
461 1799 522 1819 eam
543 1793 659 1832 Qulden!
678 1808 687 1822 ‚
711 1799 744 1820 ut

163 1831 262 1852 amans
274 1842 283 1854 ‚
323 1825 477 1855 ratuitam3
495 1830 574 1850 certo
595 1831 660 1851 auri
671 1831 743 1858 pon-

163 1858 234 1884 dere
253 1863 299 1888 pa„
316 1863 359 1882 us.
377 1863 414 1883 ne
431 1863 515 1887 quem
526 1856 671 1883 conscium
681 1856 746 1884 suo-

163 1895 230 1916 rum
239 1889 356 1914 haberet
365 1903 374 1916 ‚
384 1888 438 1920 ipfi
449 1889 604 1925 permittit,
613 1895 648 1916 ut
657 1895 741 1921 quem

162 1921 275 1948 vellet,
294 1926 385 1946 unum
406 1926 442 1946 ex
463 1922 582 1951 captivis
603 1922 742 1947 nuncium

162 1953 201 1980 ad
221 1951 286 1979 suos
303 1953 442 1978 mitteret.
459 1952 569 1977 Locum
588 1959 675 1984 prope
688 1953 744 1979 flu-

165 1990 233 2010 men
244 1985 412 2010 constituite
431 1989 508 2015 quo,
530 1984 608 2013 duo,
618 1991 656 2010 ne
667 1985 739 2023 plus,

161 2016 311 2043 necessarii
330 2016 448 2046 captivae
457 2021 520 2041 cum
529 2021 601 2041 auro
611 2022 742 2042 venirent

161 2048 253 2074 noete
270 2047 454 2079 insequenti.
469 2047 504 2073 ad
525 2053 584 2072 earn
603 2048 743 2079 accipien-

161 2079 242 2106 dam.
269 2080 361 2106 Forte
388 2079 474 2110 ivlius
493 2079 625 2105 mulieris
644 2079 742 2106 servus

162 2111 246 2137 inter
254 2112 380 2142 captivos
390 2109 517 2140 ejusdcm
527 2111 662 2137 custodiae
669 2118 741 2138 erar.

161 2142 242 2168 hunc
261 2144 399 2170 nuncium
416 2142 741 2176 primistenebrisextra

163 2174 304 2201 stationes
322 2175 456 2201 centurio
469 2174 575 2200 educit.
593 2175 739 2200 Nostein-

162 2205 295 2237 sequenti
324 2207 354 2234 δε
373 2206 432 2233 duo
452 2205 595 2233 neceslarii
611 2206 742 2232 mulieris

160 2237 198 2263 ad
218 2238 408 2264 constiturum
428 2238 544 2266 locum,
559 2237 589 2264 St
607 2239 740 2264 centurio

161 2275 228 2295 cum
250 2270 460 2302 captivavenir.
478 2270 627 2300 ubiquum
636 2276 737 2296 aurum

160 2300 365 2330 ostenderent,
381 2301 460 2334 quod
480 2302 615 2327 summam
637 2303 737 2328 talenti

165 2333 261 2358 Attici
289 2333 385 2363 (tanti
403 2334 482 2359 enim
499 2334 662 2365 pepigerat)
692 2340 736 2359 ex-

155 2363 274 2394 ⁷pleret:
295 2366 398 2394 mulier
416 2365 514 2398 lingua
533 2364 602 2398 sua,
620 2365 739 2402 stringe·

683 96 884 134 Lrvrr

804 147 871 170 rent
889 142 1000 172 ferrum
1022 160 1030 175 ,
1047 142 1078 174 8<
1095 145 1296 175 centurionem
1317 153 1390 182 pen-

803 175 913 203 santem
933 183 1038 204 aurum
1057 177 1223 206 occiderent
1239 195 1248 209 ‚
1265 180 1388 213 impera-

800 208 854 233 vit.
895 210 1007 241 ugulati
1028 208 1177 242 praecisum
1195 217 1301 245 aput,
1318 213 1382 246 ipsa

798 239 869 278 inv?
884 245 965 268 utum
985 243 1060 268 velle
1077 241 1177 269 Terens
1193 259 1203 274 ‚
1227 244 1264 270 ad
1281 244 1376 273 virum

797 272 1008 304 Ortiagontem,
1019 274 1070 305 qui
1079 275 1114 300 ab
1123 275 1248 308 Olympo
1256 275 1378 303 domum

791 303 948 336 refugerat,
959 306 1101 337 pervenit.
1117 311 1203 338 quem
1213 306 1298 338 prius
1311 315 1378 336 uam

794 336 1032 367 complecteretur
1047 353 1056 367 ,
1083 343 1169 370 caput
1194 343 1298 366 centur
1310 341 1378 368 onis

795 371 863 394 ante
884 368 967 400 pedes
979 369 1178 400 ejusabjecit:
1199 370 1377 404 mirantique

793 399 941 430 cujusnam
953 400 982 426 id
993 406 1078 432 caput
1089 401 1225 433 hominis,
1236 407 1287 429 aut
1297 403 1379 436 quod

795 430 823 455 id
851 431 964 457 facinus
990 433 1210 465 haudquaquam
1230 434 1372 461 muliebre

795 461 862 490 esset
872 479 880 492 ‚
900 463 928 490 ὃ(
940 463 1079 494 injuriam
1091 465 1268 497 corporis‚&
1279 466 1373 493 ultio-

793 499 857 519 nem
877 495 990 522 violatae
1008 503 1055 528 per
1065 495 1122 521 vim
1134 496 1280 527 pudicitiae
1298 504 1373 524 con-

793 523 858 551 feffa
877 527 941 552 viro
958 527 1016 553 est:
1032 528 1146 560 aliaque
1166 529 1222 559 (ut
1231 529 1372 562 traditur)

792 556 942 584 sanctitate
958 558 988 585 ὅτ
1005 561 1146 590 gravitate
1171 560 1255 590 vitae,
1281 561 1371 592 hujus

797 589 967 616 matronalis
985 589 1123 618 facinoris
1142 591 1227 619 decus
1244 592 1280 620 ad
1299 593 1372 621 ulti-

794 627 871 646 mum
882 620 1072 649 conservavit.

823 654 893 684 cap.
912 655 937 678 x
949 655 973 678 x
986 654 1022 679 V.
1042 654 1089 681 Ad
1108 655 1254 688 Ancyram
1273 655 1371 683 insta-

788 684 847 709 tiva
866 682 1054 718 Tectosagum
1073 692 1205 714 oratores
1219 688 1256 713 ad
1268 687 1372 715 consu-

789 715 842 742 lem
855 722 1014 748 venerunt3
1032 723 1160 750 petentes
1171 735 1179 748 ,
1198 725 1236 744 ne
1246 725 1316 746 ante
1325 720 1360 746 ab

790 750 905 779 Ancyra
925 749 1012 774 castra
1021 755 1164 779 moveret,
1182 757 1267 782 quam
1278 751 1369 778 collo-

789 784 873 805 cutus
894 787 957 806 cum
977 781 1035 807 suis
1053 782 1168 814 regibus
1177 782 1254 809 efl‘et.
1273 783 1369 811 nullas

788 812 974 838 conditiones
994 813 1070 845 pacis
1089 813 1125 840 iis
1143 820 1203 840 non
1214 814 1291 841 bello
1303 815 1368 842 fore

787 844 926 873 potiores.
945 845 1070 875 Tempus
1092 846 1122 871 in
1132 845 1274 877 posterum
1285 846 1362 874 diem

786 875 975 912 conilituitur
995 884 1001 901 :
1020 875 1157 909 locusque
1172 878 1222 909 qui
1244 878 1367 906 maxime

790 907 901 933 medius
919 908 997 934 inter
1004 909 1090 935 castra
1100 909 1251 935 Gallorum
1261 910 1291 938 &
1305 912 1368 936 An-

787 943 882 968 cyram
901 939 939 964 eli
960 937 1046 966 visus.
1073 941 1139 972 Quo
1156 947 1244 972 quum
1266 941 1366 970 consul

785 971 821 996 acl
843 974 950 1007 temnus
971 978 1033 998 cum
1051 972 1368 1004 praefidioquingento-

788 1007 852 1027 rum
863 1008 996 1034 equitum
1007 1003 1122 1031 venisset
1132 1020 1140 1033 ,
1159 1009 1209 1030 nec
1219 1005 1283 1031 ullo
1293 1006 1364 1032 Gal-

788 1032 886 1059 lorum
908 1035 946 1060 ibi
967 1035 1048 1063 viso,
1070 1035 1202 1068 regremis
1223 1037 1253 1061 in
1272 1037 1362 1064 castra

789 1064 854 1090 effer
867 1071 874 1095 3
893 1072 1022 1093 crateres
1031 1068 1118 1093 iidem
1131 1069 1264 1095 redeunt,
1277 1074 1366 1095 excu-

788 1094 882 1122 santes
901 1099 1040 1133 religione
1058 1099 1168 1130 objesta
1179 1100 1275 1129 venire
1284 1106 1364 1132 reges

791 1135 850 1154 non
862 1130 946 1159 polle.
967 1131 1110 1162 principes
1119 1132 1220 1160 gentis,
1230 1138 1279 1164 per
1290 1137 1365 1164 quoa

789 1166 871 1195 aeque
889 1168 933 1186 ies
950 1163 1069 1194 transigi
1088 1163 1176 1194 posset
1189 1179 1197 1190 ‚
1213 1167 1364 1190 venturos.

787 1193 898 1219 con1ul
908 1192 936 1218 se
948 1200 1065 1226 quoque
1077 1195 1206 1221 Attalum
1218 1194 1364 1222 missurum

788 1224 876 1250 dixit.
900 1226 945 1250 Ad
965 1225 1018 1251 hoc
1030 1226 1208 1257 colloquium
1219 1227 1368 1259 utrimque

788 1261 905 1282 ventum
924 1256 973 1282 est.
995 1262 1141 1285 trecentos
1157 1259 1364 1290 equitesAtta-

785 1288 832 1323 lus
854 1288 977 1319 proestdii
996 1289 1085 1316 cauffa
1095 1296 1184 1321 quum
1193 1291 1365 1320 adduxiffit,

787 1319 869 1350 Jastae
887 1319 954 1346 sunt
975 1321 1050 1352 pacis
1065 1321 1261 1348 conditiones.
1276 1323 1362 1349 Finis

789 1351 830 1376 rei
851 1352 919 1383 quia
937 1352 1102 1380 absentibus
1120 1354 1240 1380 ducibus
1252 1353 1366 1384 imponi

789 1389 849 1408 non
872 1388 1002 1415 poterat,
1023 1386 1179 1414 convenit,
1195 1386 1241 1412 uti
1263 1385 1367 1414 consul
1388 1404 1393 1408 ·

786 1415 920 1446 regesque
937 1422 972 1441 eo
990 1417 1056 1442 loco
1066 1417 1178 1448 postero
1188 1417 1236 1442 die
1246 1423 1382 1450 congre-l
1395 1422 1410 1452 ’,-

784 1446 934 1472 detentur.
969 1448 1130 1479 Frustratio
1153 1449 1305 1475 Gallorum
1331 1426 1412 1498 coz]

787 1476 943 1509 spectabat:
961 1481 1094 1511 primum.
1106 1484 1140 1507 ut
1153 1485 1281 1507 tererent
1293 1486 1365 1507 tem·
1377 1480 1380 1486 ’

787 1515 854 1547 Rus?
879 1510 972 1536 donec
991 1518 1034 1537 res
1042 1511 1114 1541 suas,
1124 1519 1189 1538 cum
1199 1513 1304 1549 quibus
1315 1519 1367 1545 pe·

783 1542 908 1568 riclitari
921 1543 1070 1569 nolebann
1078 1550 1143 1570 cum
1152 1544 1325 1575 comunibus
1333 1550 1367 1571 ac

783 1573 884 1599 liberis
902 1580 982 1600 trans
1000 1575 1097 1608 Halyn
1117 1575 1226 1602 flumen
1245 1577 1360 1606 trance-

786 1610 870 1631 rent:
893 1606 999 1633 deinde
1018 1607 1097 1639 quod
1117 1607 1167 1640 lpfi
1182 1606 1296 1634 consuli
1315 1614 1366 1641 pa-

788 1643 851 1662 rum
871 1643 956 1673 cauto
977 1639 1109 1665 adversus
1126 1639 1267 1672 colloquii
1285 1639 1365 1666 frau-

786 1667 851 1694 dem
877 1669 1097 1697 inlldiabantur.
1132 1672 1220 1698 Mille
1247 1672 1283 1698 ad
1302 1677 1365 1698 eam

789 1705 849 1725 rem
862 1706 897 1725 ex
908 1703 988 1728 omni
999 1709 1122 1729 numero
1131 1704 1254 1730 audaciae
1266 1709 1366 1734 exper-

786 1736 822 1756 tae
841 1732 1010 1764 delegerunt
1029 1735 1151 1768 equites.
1176 1736 1207 1762 &
1225 1733 1367 1762 succeffis-

785 1761 829 1800 set
843 1763 940 1791 fraudi
959 1782 967 1793 ,
980 1767 1009 1792 ni
1021 1774 1074 1798 pro
1083 1767 1286 1800 luregentium
1297 1785 1304 1791 .
1315 1774 1368 1794 tu-

786 1802 830 1824 rus
849 1797 980 1824 violandi
1000 1798 1153 1824 confilium
1174 1800 1281 1826 initum
1291 1804 1365 1829 erat,

786 1827 902 1863 stetisset
925 1829 1052 1855 fortuna.
1076 1830 1365 1864 Pabulatoresligna-

784 1860 916 1892 torelque
928 1862 1053 1887 Romani
1066 1863 1095 1888 in
1107 1868 1167 1888 eam
1178 1867 1286 1896 partem
1300 1879 1308 1891 ‚
1327 1863 1360 1889 iu

800 1898 841 1926 ‚ua
851 1892 1031 1923 colloquium
1041 1893 1173 1920 futurum
1185 1901 1249 1920 erar
1259 1911 1267 1922 ,
1284 1894 1366 1921 ducti

803 1928 874 1949 unt:
894 1925 988 1950 tutius
1001 1926 1029 1951 id
1041 1925 1172 1952 surm-um
1183 1926 1309 1952 tribunis
1319 1932 1364 1952 ra-

786 1954 834 1982 tis,
866 1955 914 1980 uia
923 1955 1049 1982 consulis
1058 1958 1217 1988 praesidium
1228 1957 1257 1984 St
1269 1957 1363 1988 ipsum

789 1993 839 2017 pro
872 1987 971 2013 atione
983 1989 1110 2015 habituri
1120 1995 1212 2017 erant.
1225 1989 1299 2015 hosti
1310 1997 1364 2022 op-

783 2017 918 2050 positum.
937 2017 1014 2045 suam
1031 2026 1127 2046 tamen
1135 2021 1253 2046 aiteram
1266 2022 1367 2047 statio·

788 2055 853 2076 nem
877 2051 994 2082 propius
1009 2052 1096 2078 castra
1113 2051 1311 2078 stexcentorum
1331 2058 1362 2078 e·

786 2082 900 2113 quitum
910 2081 1077 2112 posuerunt.
1095 2081 1205 2109 Consul
1215 2082 1360 2118 affirman-

788 2118 817 2139 te
827 2113 929 2140 Attaio
937 2129 946 2143 ,
966 2120 1104 2141 venturos
1114 2121 1192 2151 reges
1201 2115 1230 2142 8<
1239 2115 1362 2147 tranligi

786 2151 844 2170 rem
857 2145 950 2176 poste,
969 2146 1252 2178 profectusecastrls‚
1284 2153 1354 2173 uum

787 2177 886 2203 eodem
904 2184 963 2209 quo
982 2183 1063 2204 antea
1074 2178 1231 2208 praefidioe
1252 2185 1269 2204 u
1285 2183 1358 2208 tum,

788 2209 917 2240 quinque
925 2209 1016 2245 millia
1027 2209 1089 2235 fere
1099 2209 1215 2241 proceni
1239 2215 1268 2236 et
1278 2226 1286 2238 ‚
1307 2217 1358 2238 nec

788 2240 909 2267 multum
927 2248 943 2267 a
960 2242 1118 2268 constituto
1144 2242 1210 2268 loco
1233 2241 1359 2274 abessem

789 2278 904 2303 repente
921 2274 1073 2300 concitatis
1083 2274 1163 2304 equis
1173 2281 1235 2300 cum
1246 2275 1358 2306 impetu

789 2304 885 2330 hostili
904 2304 983 2331 videt
1000 2306 1102 2331 Gallos
1112 2306 1271 2332 venientes.
1288 2313 1359 2331 con-

788 2335 881 2362 stituit
900 2342 998 2368 agmen
1010 2352 1018 2365 ⁷
1040 2337 1214 2365 &expedire
1229 2338 1284 2364 tela
1293 2338 1357 2363 ani-

787 2367 902 2401 moslue
911 2368 1057 2402 equitibus
1063 2368 1144 2401 lunis
1155 2385 1164 2400 ‚
1184 2370 1358 2430 primfficrzn-
