1414 2655
437 103 651 138 Linea
699 106 859 140 Xle.

29 131 31 141 Ι

84 153 100 174 e
119 146 206 180 magis
224 146 330 173 crebris
339 146 452 186 peteljat
461 149 545 175 telis:
563 156 612 181 po-

31 153 149 208 gfflemo
167 184 202 205 ut
219 178 263 206 sui
283 178 400 205 vulnere
411 181 510 206 ιῐπεέῒῐ
524 181 579 207 tela
589 182 620 208 in

0 207 154 238 r-s-‘hostem
175 212 360 244 ingererent,
378 217 490 249 murum
509 214 545 239 ab
564 214 622 240 imo

3 246 7 257 ¹
25 243 83 273 lad
101 241 243 270 summum
253 243 358 269 crebris
377 244 548 271 cubitalibus
560 245 621 271 fere

2 267 3 274 ¹
17 298 25 310 ,
38 274 118 305 tenvis
138 274 268 306 aperuit:
291 281 339 306 per
350 281 412 306 quae
423 282 488 302 cava
499 283 561 313 pars
581 275 623 303 sa·

23 306 128 339 ..sgittis
137 322 147 335 ,
168 311 230 338 pars
247 305 445 337 scorpionibus
456 308 576 334 modicis
587 315 623 334 ex

41 337 162 364 occulto
180 337 314 370 petebant
332 338 449 364 hostem.
467 339 536 370 Quae
558 347 624 373 pro·

42 369 106 402 pius
117 369 245 400 quaedam
255 368 388 396 subibant
405 376 497 397 naves,
507 377 565 403 quo
578 372 623 397 in·

43 401 167 428 terim-es
187 400 289 426 istibus
300 406 510 428 tormentorum
521 402 622 434 esi‘ent3

41 431 77 460 ln
94 438 141 458 eas
159 432 309 458 tollenone
325 430 406 465 super
424 440 536 459 murum
555 435 624 461 emi—

43 468 132 490 nente
150 462 243 489 ferrea
260 470 360 490 manus
377 465 466 490 firmae
476 471 579 492 catenae
590 466 625 493 il-

41 494 132 527 ligata
141 501 229 526 quum
241 495 344 526 injesta
356 503 445 527 prorae
456 496 521 523 eflet
534 503 542 528 3
562 504 625 529 gra-

42 527 72 553 vi
93 526 267 553 libramento
288 528 399 558 plumbi
417 529 568 556 recellente
587 531 623 556 ad

41 557 147 586 solum,
158 557 288 589 suspenla
298 566 391 591 prora,
403 561 498 586 navim
509 561 540 587 in
551 568 624 593 pup-

43 589 102 624 pim
119 589 278 617 statuebat:
298 591 366 617 dein
385 591 496 618 remissa
513 591 622 623 subito,

41 622 124 648 velut
142 628 177 648 ex
197 628 281 647 muro
293 623 438 649 cadentem
452 624 547 650 navim
557 632 620 651 cum

41 653 156 686 ingenti
181 654 377 684 trepidatione
400 661 553 690 nautarum
581 657 623 684 ita

45 685 130 712 undae
147 684 288 715 affligebat
300 702 307 714 ‚
331 690 364 712 ut
373 687 481 713 etiamn
491 688 566 714 resta
579 696 621 714 re-

37 716 167 747 ciderat,
188 716 369 748 aliquantum
387 720 623 751 aquaeacciperet‚

42 748 87 775 ita
108 748 251 775 maritima
279 755 298 774 o
318 751 458 786 pugnatio
475 752 514 776 est
534 751 621 780 elusa,

41 778 196 812 omnisque
215 780 257 805 vis
277 786 292 805 e
337 787 371 806 eo
392 784 486 810 veria,
506 789 540 808 ut
551 784 621 809 totis

39 811 151 837 viribus
171 816 246 837 terra
266 812 496 843 aggrederentur.
515 815 567 840 Sed
590 821 621 840 ea

40 849 158 875 quoque
176 849 240 874 pars
258 844 358 869 eodem
379 846 458 871 omni
481 852 619 876 apparatu

41 878 255 901 tormentorum
275 875 410 901 instructa
434 882 494 902 erat
515 878 620 904 Hiero·

42 907 91 932 nis
109 905 242 937 impensis
259 913 383 938 curaque
395 914 443 939 per
454 909 559 935 multos
569 916 620 935 an-

41 943 114 966 nos,
135 937 314 964 Archimedis
332 939 415 964 unica
426 945 495 965 arte.
517 946 620 968 natura

36 968 122 995 etiam
132 968 249 999 juvabat
258 969 332 996 loci:
354 971 434 1002 quod
443 971 540 998 taxum
553 988 561 1002 ,
573 974 619 1000 cui

38 999 171 1032 impolita
181 1001 256 1027 muri
267 1000 453 1029 fundamenta
463 1003 530 1030 sunt
541 1021 548 1033 ‚
561 1012 619 1030 ma-

60 1038 94 1058 na
103 1038 139 1058 ex
158 1038 238 1065 parte
248 1033 288 1059 ita
299 1033 424 1064 proclive
435 1036 474 1061 est
487 1052 495 1062 .
513 1041 547 1062 ut
558 1043 618 1062 non

35 1038 129 1090 folum
140 1063 215 1089 missa
225 1070 370 1091 tormento
380 1082 389 1094 ,
400 1065 448 1092 sed
457 1068 545 1093 etiam
555 1074 618 1100 quae

36 1095 167 1128 pondere
176 1093 228 1121 suo
237 1097 389 1128 provoluta
400 1097 486 1124 ess‘ent
498 1115 506 1127 ‚
526 1101 620 1131 gravi-

35 1130 82 1154 ter
93 1127 124 1153 in
133 1128 237 1153 hostem
249 1128 421 1155 inciderent.
434 1131 530 1156 eadem
541 1131 618 1157 caus-

35 1157 66 1186 sa
76 1159 109 1185 ad
119 1158 299 1186 subeundum
315 1161 438 1187 arduum
450 1163 560 1188 aditum
570 1163 616 1189 in-

35 1190 160 1221 flabilem
184 1196 218 1216 ue
239 1191 388 1222 ingressum
400 1194 553 1224 praebebat.
572 1196 616 1222 Ita

35 1222 158 1249 consilio
197 1221 293 1250 abito,
312 1230 400 1255 quum
420 1226 513 1252 omnis
533 1233 616 1252 cona-

35 1257 83 1283 tus
94 1254 222 1280 ludibrio
232 1253 302 1290 esset
309 1271 316 1282 ‚
330 1255 461 1281 absistere
470 1264 614 1289 oppugna-

35 1286 119 1312 tione
130 1301 138 1314 ,
149 1289 234 1318 atque
243 1286 402 1313 obiidendo
414 1293 461 1313 tan
469 1293 527 1314 tum
538 1296 615 1316 arce-

36 1323 68 1342 re
89 1321 164 1344 terra
183 1318 312 1349 marique
329 1320 533 1347 commeatibus
559 1321 615 1348 ho·

34 1349 104 1376 stem
112 1349 233 1380 placuit.

66 1381 136 1412 cap.
155 1381 181 1406 X
194 1382 219 1405 X
229 1381 255 1405 X
265 1381 304 1405 V.
321 1380 443 1407 Interim
455 1383 612 1412 Marcellus

32 1417 98 1440 eum
107 1413 193 1439 tertia
205 1411 263 1438 fere
274 1418 355 1444 parte
365 1415 508 1442 exercitus
520 1417 556 1442 ad
568 1423 613 1442 re-

30 1444 177 1476 cipiendas
205 1443 289 1470 urbes
313 1444 475 1476 profectus,
494 1454 557 1478 quae
578 1449 608 1474 in

30 1480 112 1502 motu
133 1481 228 1502 rerum
244 1475 280 1501 ad
303 1477 552 1509 carthaginienfies
562 1480 611 1505 de-

31 1506 158 1534 fecerant
168 1523 176 1535 ,
195 1506 335 1542 Helorum
344 1513 429 1538 atque
445 1510 610 1537 Herbeffum

31 1539 204 1567 dedentibus
220 1538 288 1571 ipiis
307 1539 422 1576 reprit.
449 1541 564 1571 Megara
582 1544 610 1569 vi

32 1575 114 1602 capta
132 1569 225 1598 diruit
234 1576 266 1596 ac
275 1570 417 1603 diripuit:
437 1572 476 1608 ad
485 1574 612 1606 reliquo-

32 1605 125 1630 rum,
152 1608 184 1629 ac
207 1602 329 1628 maxime
351 1603 610 1635 Syracuianorum‚

29 1635 181 1660 terrorem.
211 1633 263 1659 Per
283 1633 356 1660 idem
373 1634 435 1660 fere
451 1641 561 1668 tempus
580 1639 610 1665 8(

29 1664 158 1691 Himilco
168 1679 177 1693 ‚
196 1665 247 1696 qui
257 1665 293 1691 ad
304 1665 431 1698 Pachyni
442 1674 611 1699 promonto-

30 1696 106 1722 rium
117 1695 227 1723 claffem
239 1696 291 1722 diu
305 1701 436 1724 tenuerat
447 1715 455 1727 ‚
474 1700 509 1726 ad
522 1702 609 1726 Hera-

25 1727 116 1755 cleam
125 1745 133 1757 ‚
155 1733 238 1766 quarn
251 1733 351 1754 vocant
362 1729 501 1760 Minoam,
513 1733 583 1764 quin
597 1747 609 1754 -

27 1764 84 1791 que
103 1759 133 1786 δε
151 1760 258 1792 viginti
277 1759 368 1786 millia
380 1762 531 1791 peditum,
551 1764 613 1790 tria.

27 1791 159 1822 equiturn
171 1807 179 1818 ,
200 1791 351 1818 duodecim
373 1793 541 1823 elephantos
559 1802 607 1822 ex-

27 1821 135 1855 posuit.
153 1822 340 1854 Nequaquam
361 1830 424 1849 cum
434 1827 548 1857 quantis
557 1834 606 1853 co-

26 1853 83 1884 piis
93 1859 160 1880 ante
169 1859 301 1880 tenuerat
319 1854 355 1880 ad
365 1855 527 1886 Pachynum
538 1858 608 1885 clas-

24 1884 99 1911 sem:
121 1885 188 1914 sed,
209 1886 355 1918 postquam
374 1887 407 1912 ah
433 1889 606 1921 Hippocrate

25 1922 97 1944 occu
118 1922 170 1943 atoe
189 1917 329 1949 syracusae
337 1923 439 1948 erant,
460 1921 606 1951 profectus

26 1923 247 1986 cangaei-nem,
265 1949 439 1980 adjutusque
458 1952 497 1978 ibi
516 1953 546 1980 Se
567 1955 604 1980 ab

24 1977 123 2012 legans
134 1981 319 2010 Hippocratis
331 1997 339 2009 ‚
349 1981 498 2014 literisque
508 1986 604 2012 Anni-

8 2035 15 2039 .
25 2008 95 2038 heus
107 2029 115 2042 ‚
157 2012 189 2038 ui
199 2012 299 2039 venisse
309 2012 418 2044 tempus
430 2015 522 2046 ajebat
533 2018 603 2043 sici-

21 2038 69 2070 flae
79 2049 128 2075 per
150 2050 276 2070 ummum
286 2044 371 2070 decus
381 2049 540 2077 repetendae
551 2065 558 2077 ‚
572 2049 601 2076 Sc

26 2073 84 2106 ipse
95 2075 170 2101 haud
188 2082 276 2102 vanus
287 2076 408 2106 praeiens
418 2079 548 2106 monitor
559 2080 601 2107 fa-

23 2106 82 2133 cile
96 2107 278 2138 perpulerat,
298 2112 332 2134 ut
351 2114 463 2136 ouantae
473 2112 601 2138 maximae

21 2137 153 2176 pollent?
172 2138 298 2170 peditum
314 2141 502 2173 eqttitumque
513 2145 601 2175 copiae

21 2175 54 2194 in
67 2169 193 2196 Siciliam
204 2171 417 2201 trajicerentur.
436 2174 600 2202 Adveniens

19 2201 204 2228 Heracleam,
230 2202 306 2228 intra
327 2208 429 2234 paucos
444 2205 504 2232 dies
529 2207 598 2234 inde

18 2232 210 2263 Agrigentum
226 2234 328 2266 recipit
342 2242 348 2260 ε
369 2235 489 2262 aliarum
512 2244 548 2264 ue
558 2239 597 2265 ci-

19 2263 157 2292 vitatum,
179 2271 242 2296 quae
264 2267 352 2296 partis
373 2268 594 2300 Carthaginien-

5 2293 90 2322 ·fium
110 2300 209 2322 erant.
227 2296 299 2323 adeo
318 2297 439 2324 accenfie
457 2298 523 2327 sunt
534 2301 594 2333 spes

2 2325 54 2353 rad
77 2327 226 2357 pellendos
249 2328 345 2355 Sicilia
374 2331 537 2363 Romanos,
559 2339 593 2361 ut

0 2356 156 2421 lnfsttemo
173 2359 259 2390 etiam
266 2361 318 2395 qul
327 2360 530 2394 efficiebantur
542 2365 595 2400 sy-

671 152 774 178 racusis
784 168 792 181 ‚
803 152 913 179 animos
922 152 1106 182 sustulerint:
1126 154 1157 184 8e
1169 120 1254 188 ρξῖτῖε

676 185 822 215 copiarum
843 183 912 211 satis
929 185 1049 213 defendi
1066 187 1165 213 urbem
1173 187 1252 221 posse

677 216 732 242 rati
743 232 751 245 ‚
762 216 802 242 ita
813 217 890 243 inter
902 215 930 242 se
941 224 1058 244 munera
1070 218 1139 245 belli
1150 221 1253 252 partiti

671 247 747 276 sint,
764 252 799 274 ut
818 249 958 281 Epicydes
979 249 1101 281 praeesset
1119 252 1255 278 custodiae

673 279 772 308 urbis,
796 280 986 310 Hippocrates
1004 283 1165 309 Himilconi
1184 290 1255 309 cen-

671 311 804 342 junstus,
827 312 931 338 bellurn
951 313 1084 340 adversus
1096 312 1254 345 Consulem
1275 331 1278 332 ν

678 343 840 368 Romanum
858 349 978 375 gereret.
997 347 1070 371 Cum
1081 346 1175 372 decem
1185 347 1254 373 mii-

671 374 748 400 libus
757 375 886 407 peditum
896 391 903 403 ‚
927 376 1093 409 quingentis
1102 378 1252 408 ,equitibus

673 406 756 432 nocie
777 412 827 437 per
848 408 1004 434 intermissa
1023 408 1162 436 custodiis
1189 410 1275 444 loca,

694 436 837 466 rofeil-us.
856 438 943 464 castra
964 440 1038 465 circa
1061 441 1184 468 Acrillas
1203 448 1255 468 ur-

689 476 732 495 em
744 469 877 501 ponebat.
895 471 1098 498 Munientibus
1116 472 1250 504 superve-

673 502 719 527 nit
737 501 894 528 Marcellus
903 517 910 530 ‚
921 503 955 527 ab
966 504 1127 535 Agrieento
1135 505 1194 535 jam
1204 512 1254 543 oc·

671 538 776 591 {25³5ss
785 533 1253 603 {eilisslffffiissnis‘afi‘ssziisssszss

672 597 748 625 ndhil
759 603 854 625 manus
863 603 943 624 ratus
952 614 961 626 ‚
978 605 1063 630 quarn
1075 599 1128 625 illo
1138 605 1250 632 tempo-

672 635 702 654 re
718 635 751 655 ac
764 629 827 654 loco
846 629 1052 660 Syracusanum
1070 631 1121 657 ribi
1140 632 1250 658 exerci-

672 664 734 685 tum
753 660 866 686 obviam
886 660 971 692 fore;
990 661 1036 688 sed
1057 667 1151 688 tamen
1170 669 1250 690 metu

670 692 843 718 Himilconis
859 691 1093 725 Poenorumque(
1104 699 1138 720 ut
1148 695 1251 726 quibus

672 729 853 754 nequaquam
868 724 907 750 eis
926 726 1016 753 copiis
1034 732 1105 756 quas
1113 726 1246 755 habebat,

669 761 720 785 par
739 755 825 784 effer)
845 761 929 786 quam
950 761 1062 787 poterat
1073 758 1193 783 maxime
1202 758 1248 783 in-

669 791 766 813 tentus
776 803 784 815 ‚
796 791 883 816 atoue
894 790 1005 819 agmine
1014 789 1051 815 ad
1062 794 1160 816 omnes
1169 788 1248 817 casus

667 818 826 849 composito
835 818 902 844 ibat.

702 850 773 882 Cap.
801 851 898 874 XXX
910 851 936 874 V
948 851 972 876 Ι.
998 851 1088 877 Forte
1113 858 1145 878 ea
1169 859 1248 883 cura.

669 888 732 913 quae
742 886 803 907 erat
819 881 951 908 adversus
961 883 1065 909 Poenos
1074 890 1228 915 praeparata
1239 901 1249 914 ,

667 914 799 939 adversus
822 914 934 940 siculos
958 914 1022 941 usui
1049 915 1117 942 fuit.
1144 917 1253 943 castris

670 945 812 975 ponendis
836 945 1040 979 incompofitos
1059 953 1091 972 ac
1108 947 1250 979 dispersos

670 977 790 1002 nanctus
813 983 861 1002 eos
885 978 915 1004 Sc
943 978 1092 1010 plerosque
1108 979 1251 1010 inermes„

666 1009 746 1040 quod
757 1009 884 1037 peditum
897 1008 972 1038 fuit,
991 1011 1198 1038 circumvenit:
1222 1019 1252 1038 e-

668 1047 736 1071 ques
754 1040 1081 1070 levicerramineinito‚
1102 1049 1166 1068 cum
1175 1044 1249 1075 Hip-¹

667 1077 780 1103 pocrate
792 1074 878 1098 Acras
887 1073 1024 1105 perfugit.
1043 1075 1085 1099 Ea
1095 1081 1188 1106 pugna
1199 1076 1250 1101 de-

667 1104 796 1130 ficientes
806 1105 840 1130 ab
852 1106 990 1131 Romanis
1001 1112 1088 1134 ouum
1099 1106 1250 1133 cohibuis-

668 1135 710 1161 set
728 1135 837 1162 Siculos
849 1153 857 1164 ‚
877 1137 1030 1162 Marcellus
1042 1137 1191 1167 Syracusas
1203 1145 1246 1164 re·

666 1167 724 1193 diit
736 1173 755 1192 τ’
764 1167 793 1194 Sc
804 1167 865 1197 post
875 1174 977 1200 paucos
987 1169 1046 1194 dies
1056 1169 1184 1196 Himilco
1195 1170 1247 1196 ad-

666 1199 769 1228 juncto
788 1200 964 1232 Hippocrate
983 1201 1018 1229 ad
1039 1200 1146 1226 flumen
1169 1203 1248 1227 Ana-

667 1237 754 1262 pum,
775 1231 840 1257 oc'to
860 1231 950 1257 ferme
970 1232 1037 1258 inde
1059 1232 1150 1258 millia
1160 1234 1248 1260 castra

665 1262 773 1294 posuit.
792 1263 848 1288 sub
867 1263 943 1289 idem
961 1263 1021 1289 fere
1032 1268 1141 1296 ternpus
1158 1264 1249 1292 &na-

664 1300 709 1320 ves
729 1295 822 1325 longae
844 1295 974 1327 quinque
993 1295 1023 1322 8<
1035 1296 1249 1328 quinquaginta

667 1326 949 1359 carthaginiensium
987 1333 1050 1353 cum
1086 1328 1248 1355 Bomilcare

662 1357 752 1383 clasiis
769 1358 904 1389 praefesto
923 1358 954 1384 in
973 1365 1106 1389 magnum
1127 1365 1244 1392 portum

663 1390 812 1420 Syracusas
829 1396 864 1415 ex
874 1390 935 1415 alto
947 1391 1118 1420 decurrere,
1140 1392 1169 1419 St
1181 1393 1246 1419 Ro.

664 1427 746 1446 mana
755 1421 824 1448 item
842 1421 949 1451 classis‚
970 1422 1092 1453 triginta
1101 1423 1247 1456 euinque-

663 1458 770 1481 rcmes,
790 1453 931 1485 legionem
956 1454 1075 1485 primam
1106 1454 1244 1484 Panormi

661 1483 817 1516 exposuere
828 1500 838 1514 ‚
858 1483 1025 1516 versumque
1044 1486 1078 1510 ab
1088 1486 1174 1513 Italia
1184 1487 1245 1514 bel·

661 1515 739 1541 lum:
757 1516 828 1542 adeo
847 1521 970 1547 uterque
990 1517 1115 1549 populus
1131 1517 1164 1544 in
1174 1519 1246 1546 Sici-

660 1547 728 1573 liam
746 1547 878 1574 intentus
895 1547 975 1575 fuine
999 1549 1097 1576 videri·
1117 1555 1244 1581 poterat.

661 1578 821 1610 Lenionem
842 1580 1019 1608 Romanam,
1040 1588 1103 1611 quae
1112 1583 1244 1613 exporita

663 1611 800 1637 Panormi
820 1616 881 1637 erat
893 1627 901 1639 ‚
921 1612 1084 1637 venientem
1095 1613 1245 1645 Syracusas

661 1643 762 1674 praedze
779 1643 856 1668 haud
877 1643 964 1670 dubie
973 1643 1025 1669 sibi
1046 1644 1178 1671 futuram
1187 1647 1244 1673 Hi-

661 1674 746 1700 milco
765 1679 861 1703 ratus,
882 1675 925 1700 via
936 1675 1088 1707 decipitur.
1106 1678 1243 1704 mediter-

662 1712 750 1732 raneo
768 1712 890 1737 namque
900 1707 1006 1733 l‘oenus
1017 1707 1124 1733 itinere
1133 1708 1219 1736 duxit
1229 1718 1238 1736 ι

661 1737 755 1769 legio,
774 1738 925 1764 maritimis
947 1739 1017 1765 locis
1045 1739 1125 1766 clasie
1144 1741 1242 1772 prose-

659 1773 782 1799 quente,
803 1770 838 1795 ad
866 1769 992 1801 Appium
1013 1770 1166 1798 Claudium
1190 1773 1242 1800 Pa-

658 1801 782 1832 chynum
795 1808 860 1826 curn
880 1805 958 1833 parte
967 1803 1113 1834 copiarum
1124 1804 1237 1831 obviam

659 1831 835 1887 grogrefl'um
847 1848 854 1861 ‚
874 1835 1014 1865 pervenit.
1043 1835 1104 1861 Nec
1123 1836 1238 1863 diutius

684 1864 745 1889 oeni
767 1864 802 1890 ad
824 1865 974 1895 Syracusas
984 1867 1087 1893 morari
1098 1865 1186 1895 sunt,
1207 1868 1238 1897 ὃς

659 1895 804 1921 Bomilcar
822 1896 909 1922 fimul
931 1903 1030 1928 parum
1053 1898 1146 1925 fidens
1158 1900 1239 1925 navi-

660 1926 713 1953 bus
722 1926 780 1952 suis
790 1943 798 1955 ‚
817 1928 925 1957 duplici
939 1929 1024 1955 facile
1035 1935 1157 1956 numero
1168 1930 1238 1958 clas-

655 1957 712 1984 sem
732 1959 901 1985 habentibus
920 1962 1062 1987 Romanis
1074 1977 1082 1989 ,
1098 1962 1238 1988 simulin-

657 1990 725 2016 utili
736 1997 816 2016 mora
825 1997 944 2017 cernens
955 1993 1030 2019 nihil
1041 1993 1121 2020 aliud
1135 1995 1170 2019 ab
1180 1993 1239 2021 suis

655 2028 739 2052 quam
760 2022 860 2053 inopia
876 2025 1021 2056 aegravari
1039 2024 1130 2051 socios
1141 2041 1150 2053 ‚
1167 2027 1239 2053 velis

655 2053 685 2078 in
697 2054 786 2080 altum
797 2054 872 2089 datis
884 2054 914 2080 in
928 2055 1054 2082 Africam
1065 2055 1234 2084 transmisit.

657 2085 696 2110 Et
707 2085 831 2111 Himilco
840 2086 954 2113 iecutus
963 2088 1238 2119 nequicquamMara

652 2116 755 2142 cellum
775 2117 925 2147 Syracusas
936 2134 944 2146 ‚
965 2118 986 2143 si
999 2125 1056 2150 qua
1067 2119 1234 2151 priusquam

654 2148 810 2178 majoribus
820 2150 911 2177 copiis
919 2150 1107 2182 jungeretur,
1123 2151 1234 2179 occasio

654 2181 801 2212 pugnandi
820 2180 902 2210 effet3
925 2182 1070 2214 postquam
1099 2188 1130 2208 ea
1152 2183 1240 2210 nulla·

651 2211 830 2242 contigerat,
849 2217 1002 2250 tutumque
1032 2214 1068 2239 ad
1088 2214 1236 2244 suracusas

652 2243 681 2269 Sc
691 2243 874 2270 munimento
890 2244 920 2270 8<
938 2245 1047 2270 viribus
1058 2245 1164 2272 hostem
1175 2253 1237 2272 cera

653 2274 758 2305 nebat3
783 2281 818 2310 ne
838 2275 941 2301 frustra
951 2275 1098 2303 assidendo
1107 2276 1235 2309 speetana

651 2306 747 2336 doque
759 2306 937 2332 obhdionem
957 2307 1102 2335 sociorum
1122 2313 1235 2342 tempu:

649 2342 775 2366 tereret,
795 2338 882 2364 castra
901 2339 972 2365 inde
985 2339 1096 2366 movit:
1115 2345 1149 2366 ut
1158 2347 1234 2372 ouo-2

649 2375 771 2404 cumque
791 2369 910 2401 vocasset
929 2369 1101 2402 defectionis
1120 2372 1237 2433 ³3⁸9?
