1414 2655
123 120 212 193 ἓιέὶο
222 156 300 184 intei-
309 153 337 182 1²2
348 172 356 185 .
367 155 401 183 ut
411 153 551 182 vistorem
562 160 606 181 res
615 152 712 185 fitquc-

129 196 211 217 retur
221 206 230 218 ‚
242 188 323 216 ferro
334 187 532 215 decreverunt.
549 187 651 218 Neque
662 184 715 210 ob-

126 221 205 248 scuri
216 221 329 254 generis
339 220 469 247 homines
479 235 487 247 ‚
506 217 554 254 sed
565 218 634 245 clari
647 215 715 242 illu-

130 254 277 286 stresque,
298 251 402 278 Corbis
421 252 450 278 δε
470 252 562 276 oriua
573 249 715 282 patrueles

133 285 249 314 fratres,
259 285 295 311 de
306 283 471 316 principatu
482 282 618 308 civitatis.
629 287 713 315 quain

131 318 211 348 Ibem
221 316 360 343 vocabant
397 315 573 346 ambigentes
584 330 592 343 ‚
604 313 680 339 ferro
689 312 717 337 ie

129 354 294 387 certaturos
311 331 430 379 proieffi
441 346 521 383 sunt.
538 345 642 372 corbis
658 350 717 382 ma-

133 388 182 414 Jor
201 385 262 408 erat
287 385 381 406 aetate.
411 380 509 404 Orluae
538 382 619 410 pater
636 382 719 409 prin-

131 419 198 444 ceps
207 411 339 445 proxime
349 410 442 447 fuerat
456 416 466 442 ;
483 408 497 435 a
509 409 598 436 fratre
610 409 720 439 majore

134 445 199 477 post
209 448 330 470 mortem
347 448 409 474 ejus
420 442 583 474 principatu
593 444 719 472 accepto.

135 477 238 508 Quum
260 474 352 500 verbis
368 473 526 506 disceptate
545 473 640 510 Scipio
658 471 718 497 vel-

133 507 187 537 let,
199 514 231 534 ac
242 507 340 533 sedare
350 507 405 533 iras
417 512 426 537 ;
445 509 580 539 negatum
592 505 622 530 id
632 503 717 529 ambo

132 539 232 566 dicere
258 538 458 565 communibus
484 537 641 569 cognatis.-
669 541 722 560 nec

132 571 226 598 alium
253 570 372 597 deorum
395 569 581 595 hominumve
601 584 610 596 ‚
637 572 722 601 qua-m

139 604 266 630 Martem
291 601 319 627 se
339 601 461 632 judicem
480 599 629 626 habituros
656 599 719 625 esse-

137 635 265 662 Robore
285 633 395 664 major‚
414 633 510 658 minor
538 631 612 657 flore
630 631 723 656 :etatis

139 666 226 693 ferox
237 682 246 694 2
266 670 387 691 mortem
396 664 428 691 in
438 664 595 691 certamine
608 679 616 689 ,
635 669 720 694 quam

137 703 174 727 ut
193 699 268 725 alter
287 697 407 723 alterius
427 697 550 727 imperio
568 694 724 725 subjicere-

137 736 192 757 tur
203 747 212 759 ‚
224 733 416 762 praeoptantes
426 745 435 757 ,
453 729 533 760 quod
544 727 578 753 ab
587 732 669 753 tanta
679 732 723 752 ra-

139 763 187 788 bie
196 761 297 788 dirimi
308 761 462 792 nequirent
470 775 479 788 ,
498 759 610 792 insigne
621 757 723 790 specia-

138 794 237 821 culum
247 793 392 819 exercitui
402 791 556 825 praebuere,
568 791 721 817 documen-

139 830 263 857 tumque
273 842 282 855 ,
300 829 440 856 quantum
451 823 594 854 cupiditas
606 822 717 857 imperii

142 857 252 883 malum
276 857 354 882 inter
372 855 509 881 mortales
528 854 605 886 estet.
624 855 722 884 Maior

139 889 196 915 usu
214 895 361 914 armorum
380 887 410 914 &
428 886 488 913 astu
510 885 595 912 facile
605 885 723 912 stolidas

136 920 343 947 vitesminoris
363 918 518 949 luperavit.
535 919 608 944 Huic
618 917 728 950 gladia-

139 957 241 980 torum
258 950 417 984 spestaculo
436 950 500 977 ludi
520 949 655 976 funebres
674 949 724 974 ad-

137 984 198 1011 diti
217 989 270 1015 pro
288 983 388 1015 eopia,
406 982 437 1010 Sc
454 981 628 1015 provinciali
644 980 725 1008 &ca-

140 1015 244 1044 strensi
253 1019 404 1048 apparatu.

177 1048 250 1080 Cap.
267 1048 329 1072 xx
340 1047 387 1072 11.
406 1047 465 1073 Res
484 1043 602 1071 interim
613 1043 726 1070 nihilo-

143 1079 243 1107 minus
267 1079 303 1104 ab
319 1079 346 1104 le
366 1078 420 1104 atis
438 1077 618 1110 gerebantur.
646 1077 724 1102 Mar-

139 1113 204 1138 tius
216 1112 349 1142 superato
384 1115 436 1136 aete
445 1109 522 1135 amni
532 1125 541 1136 ,
550 1115 635 1140 quem
646 1109 726 1134 inco-

141 1143 179 1170 1ae
190 1143 301 1170 Certim
310 1142 474 1174 appellant,
482 1141 567 1178 ‘duas
574 1140 726 1172 opulentas

137 1175 274 1202 civitates
290 1173 351 1200 sine
372 1178 529 1200 certamine
549 1172 580 1198 in
599 1171 727 1198 deditio-

142 1213 211 1233 nem
229 1206 343 1238 accipit.
361 1205 466 1237 Astapa
483 1204 554 1229 urbs
572 1208 643 1231 erat,
655 1205 725 1228 Car-

139 1238 367 1272 thaginienssum
388 1236 494 1269 semper
506 1236 612 1268 partis:
634 1241 729 1266 neque

142 1271 177 1297 id
190 1277 247 1298 tam
263 1271 383 1302 dignum
402 1270 446 1295 ira
456 1272 526 1296 erat,
537 1274 622 1299 quam
634 1267 726 1297 quod,

140 1307 226 1330 eittra
245 1301 422 1328 neceflitates
446 1300 514 1326 belli
526 1315 534 1328 ,
550 1299 726 1332 praecipuum

144 1334 179 1360 in
202 1335 350 1361 Romanos
376 1332 514 1364 gerebant
531 1331 644 1357 odium.
673 1335 727 1356 nec

145 1365 266 1395 urbem,
284 1370 336 1392 aut
352 1363 409 1391 situ
428 1369 479 1390 aut
487 1363 670 1388 munimento
680 1367 730 1388 tu-

143 1402 204 1425 tam
224 1397 366 1424 habebant
385 1414 394 1426 ,
439 1402 483 1420 uae
509 1394 668 1421 ferociores
694 1394 731 1420 iis

143 1429 255 1456 animos
273 1429 397 1456 faceret:
432 1428 468 1454 ed
486 1426 602 1460 ingenia
620 1426 729 1461 incola-

143 1467 209 1487 rum
227 1461 387 1487 latrocinio
404 1459 487 1489 lxta,
505 1463 540 1485 ut
548 1458 730 1485 excursiones

140 1493 176 1520 in
186 1493 348 1520 finitimum
357 1498 457 1525 agrum
467 1490 610 1517 sociorum
622 1489 725 1521 populi

143 1525 273 1552 Romani
282 1524 423 1553 facerent,
431 1523 605 1555 impulerant
615 1537 624 1550 ‚
642 1521 672 1548 8<
683 1527 727 1546 va-

144 1563 199 1590 gos
222 1557 330 1584 milites
357 1557 526 1584 Romanos,
547 1551 677 1585 lixasque
696 1552 727 1580 st

145 1594 319 1616 mercatores
335 1588 513 1620 exciperent.
530 1590 664 1618 magnum
684 1589 728 1610 et-

143 1620 203 1647 iam
224 1622 389 1647 comitatum
400 1634 409 1648 ‚
427 1619 495 1650 quia
516 1619 613 1650 paucis
629 1623 729 1649 parum

143 1657 245 1679 tutum
254 1652 351 1687 fuerat
361 1667 370 1680 ‚
389 1649 647 1684 transgredientem
657 1648 731 1675 fines

167 1684 248 1711 ofitis
257 1683 369 1710 inlidiis
387 1683 614 1708 circumventum
625 1681 728 1712 iniquo

157 1722 211 1743 oco
231 1715 452 1743 interfecerunt.
471 1714 517 1740 Ad
537 1713 611 1739 banc
628 1712 729 1739 urbem

146 1748 370 1780 oppugnandam
391 1753 481 1778 quum
500 1746 633 1771 admotus
644 1749 731 1770 exer-

142 1780 222 1807 citus
231 1779 297 1807 esset
310 1796 317 1808 ,
337 1777 476 1812 oppidani
487 1776 663 1804 conscientia
670 1775 729 1802 sce-

143 1812 240 1838 lerum
253 1828 262 1841 ,
281 1811 350 1843 quia
368 1815 421 1836 nec
430 1809 543 1836 deditio
552 1813 616 1834 tuta
624 1808 660 1834 ad
671 1813 727 1834 tam

142 1843 266 1870 infestos
285 1842 455 1870 videbatur,
474 1846 528 1867 nec
546 1840 606 1871 spes
624 1839 728 1865 moeni-

141 1875 197 1902 bus
213 1879 265 1902 aut
282 1874 371 1900 armis
390 1872 504 1899 tuendae
522 1870 623 1898 salutis
645 1877 728 1903 erat;

141 1907 258 1935 facinus
270 1906 301 1932 in
312 1904 342 1932 se
350 1911 383 1932 ac
393 1905 459 1932 suos
469 1903 580 1931 foedum
588 1910 619 1930 ac
629 1902 726 1930 ferum

143 1937 337 1967 consciscunt.
363 1938 473 1963 Locum
492 1936 524 1962 in
548 1936 618 1962 foro
643 1935 727 1962 desti-

141 1975 235 2000 nant,
257 1976 317 2001 quo
336 1968 534 2001 pretiOfiffima
551 1973 648 1994 rerum
665 1966 730 1992 sua·

140 2009 209 2029 rum
226 2006 426 2033 congererent.
440 1999 525 2031 super
543 2006 608 2026 eum
629 2004 729 2033 crimu-

141 2035 205 2062 lum
231 2034 320 2062 conju
339 2039 367 2058 es
385 2039 418 2059 ac
443 2031 553 2057 liberos
579 2030 726 2057 conlidere

163 2071 234 2093 uum
243 2064 310 2096 juffi
333 2069 391 2093 ent,
402 2063 481 2096 ligna
488 2064 562 2090 circa
571 2067 725 2090 extruunt,

176 2096 289 2129 scesque
316 2096 510 2127 virgultorum
551 2094 727 2124 conjiciunt.

142 2129 363 2167 Quinquaginta
373 2127 479 2154 deinde
488 2127 603 2153 armatis
611 2126 726 2156 juveni·

140 2161 193 2188 bus
223 2160 410 2191 praecipiunt,
430 2163 464 2184 ut
489 2158 576 2184 donee
600 2157 726 2183 incertus

142 2195 266 2218 eventus
285 2196 384 2225 pugnae
402 2197 415 2222 ς
441 2194 486 2218 et,
516 2188 673 2222 presidium
694 2195 723 2214 eo

142 2225 202 2251 loeo
212 2223 408 2257 fortunarum·
426 2227 549 2250 uarum,
567 2225 725 2253 corporum-

139 2263 196 2290 que
208 2273 216 2285 ‚
227 2261 291 2288 qua
309 2252 555 2286 cariora-fortunis
563 2249 724 2285 {fflnnfir-

140 2291 258 2314 narem.
278 2287 310 2312 51·
326 2292 382 2311 rem
393 2285 565 2312 inclinatam
576 2284 721 2314 viderent,

143 2323 231 2350 arque
251 2319 282 2343 in
301 2324 330 2343 eo
348 2317 408 2349 iam
430 2314 479 2350 effe
488 2321 521 2342 ut
534 2317 602 2341 urbs
612 2320 721 2348 capere-

139 2354 192 2377 rur
201 2357 214 2380 ,-
228 2349 353 2381 scirent,
371 2355 482 2378 omnes,
501 2354 573 2380 quos
583 2352 678 2374 euntes
688 2347 722 2372 in

141 2382 275 2416 pralium
292 2385 434 2411 cernerent
447 2397 456 2414 ,
467 2385 590 2415 {mortem
609 2380 641 2409 in
659 2377 723 2413 ipsa

591 107 637 142 Τ.
684 104 889 141 Lrvii

760 154 858 183 pugna
877 148 1013 176 obituros.
1030 143 1139 182 luosfi
1148 150 1198 182 per
1214 143 1346 180 Deossu-

760 187 839 215 peros
850 179 1009 214 inferosque
1019 186 1097 206 orare
1107 198 1116 211 ‚
1125 185 1159 206 ut
1168 185 1298 206 memores
1307 179 1348 205 11·-

761 215 879 240 bertam
890 231 898 243 ‚
916 219 976 246 quie
988 213 998 239 i
1002 213 1037 238 uo
1049 212 1095 238 die
1103 217 1157 238 aut
1166 215 1252 236 morte
1260 211 1344 238 hone-

756 245 817 280 sta,
827 250 880 272 aut
890 244 1038 277 servitute
1047 242 1154 276 infami
1161 243 1292 275 finienda
1301 241 1344 275 est

756 278 814 309 Jct.
826 277 906 303 nihil
914 276 1161 310 relinquerent.rin
1171 272 1345 308 quodsae‘vi-

760 315 790 335 re
803 310 898 335 iratiu-
907 308 992 342 hostia
1002 305 1096 342 pqffi’t.
1109 308 1226 333 Ferrum
1236 306 1344 338 ignem-

760 347 814 373 que
833 342 865 368 in
885 341 1020 367 manibus
1029 337 1091 373 effi.
1110 339 1218 365 Amicae
1235 337 1346 370 acfide-

762 374 803 398 les
810 374 907 406 potius
916 379 959 403 ea,
971 378 1033 405 quae
1047 371 1176 406 perimi-a
1187 377 1200 396 e
1224 375 1282 399 em,
1294 370 1347 395 ab·

756 403 903 438 stimerent
926 411 1030 430 manus
1041 420 1050 432 ‚
1070 409 1157 435 quam
1167 403 1198 429 in
1213 402 1345 428 ultarcnt

756 437 878 470 superbo
898 436 1024 463 ludibrio
1034 435 1130 468 hqsles.
1147 435 1200 461 His
1210 434 1348 461 adhorta-

764 469 892 496 tionibus
911 468 1058 495 execratio
1075 467 1139 493 dira
1157 467 1265 498 adjetta
1278 481 1288 494 ,
1305 465 1343 491 si-

762 507 848 532 quem
857 500 871 527 a
883 500 1034 532 propolito
1045 497 1104 532 spes
1114 498 1273 525 mollitiave
1282 497 1346 523 ani-

763 533 802 558 mi
822 532 955 559 flexiffet.
984 531 1053 558 inde
1069 531 1216 557 concitato
1233 529 1351 561 agmine

765 564 931 596 patentibus
959 563 1054 596 portis
1071 563 1184 594 ingenti
1214 562 1347 588 tumultu

762 601 932 627 erumpunt.
950 596 1053 627 Neque
1070 599 1131 620 erat
1142 594 1202 621 ulla
1219 591 1288 620 satis
1296 594 1350 618 tir-

764 634 811 654 ma
827 628 914 654 statio
932 627 1086 660 oppoiita;
1107 626 1176 657 qula
1195 625 1348 652 nilminus

765 667 851 692 quam
870 665 905 686 ut
924 659 1022 691 egredi
1040 657 1184 684 moenibus
1192 657 1350 686 auderent,

760 693 857 719 timeri
884 695 1009 725 poterat.
1045 695 1190 724 perpaucae
1213 689 1346 726 equitum

763 730 866 751 turmae
877 740 886 752 ‚
904 722 979 750 levis
994 726 1182 748 uearmatura
1201 726 1318 752 repente
1330 727 1348 746 e

764 756 861 783 castris
869 756 905 782 ad
916 755 978 786 idip
993 761 1041 780 um
1051 752 1146 780 emiss'a
1155 752 1293 779 occurrit.
1304 754 1347 778 A-

766 789 843 816 crior
870 787 978 825 impetu
1004 790 1093 818 atque
1117 784 1240 812 animis,
1260 790 1347 815 quam

767 819 955 850 compositior
972 817 1077 844 ordine
1094 816 1158 842 ullo
1169 821 1264 853 pugna
1274 815 1347 842 fuit.

766 853 813 878 Ita
833 858 869 877 ue
879 849 976 882 pulsus
986 855 1090 882 eques,
1114 847 1165 880 qui
1175 853 1285 880 primus
1294 848 1348 873 lio-

766 884 801 910 sti
825 882 990 909 eobtulerat
1001 897 1009 910 ,
1028 886 1168 907 terrorem
1179 879 1280 906 intulit
1292 879 1350 906 levi

762 920 924 941 armaturae.
937 917 1150 952 pugnatumque
1156 909 1210 938 sub
1220 910 1282 944 ipso
1292 911 1352 937 val-

765 948 795 974 lo
806 946 883 973 foret
893 962 901 974 ,
913 952 945 971 ni
957 945 1044 970 robur
1054 945 1203 976 legionum
1215 958 1223 972 ‚
1235 943 1349 975 perexi-

762 986 820 1013 guo
838 979 875 1004 ad
893 977 1093 1003 instruendum
1110 976 1181 1002 dato
1203 979 1351 1008 tempore,

766 1011 854 1038 aciem
864 1008 1022 1036 direxisset.
1039 1007 1085 1034 Ibi
1095 1013 1211 1042 quoque
1223 1007 1349 1039 trepida-

768 1048 831 1070 tum
869 1047 1001 1073 arumper
1010 1040 1172 1071 circaiigna
1181 1038 1238 1067 est,
1256 1045 1347 1070 quum

766 1075 831 1102 caeci
858 1080 943 1099 urore
961 1073 992 1098 in
1003 1072 1122 1098 vulnera
1140 1077 1172 1097 ac
1183 1069 1291 1096 ferrum
1303 1077 1351 1096 ve·

766 1106 848 1134 cordi
859 1105 976 1131 audacia
987 1108 1115 1129 ruerent.
1127 1102 1195 1128 dein
1204 1108 1286 1128 vetus
1295 1103 1349 1129 ml·

769 1140 809 1165 les
826 1136 960 1163 advei‘iiis
978 1135 1145 1162 temerarios
1154 1134 1277 1171 impetus
1287 1141 1351 1166 per-

768 1171 870 1198 tinaX‚
890 1169 965 1195 ccede
986 1168 1146 1200 primorum
1166 1164 1227 1191 inse
1250 1171 1352 1194 nentes

767 1199 933 1233 suppressit.
948 1203 1069 1226 conatus
1085 1198 1172 1230 paulo
1190 1198 1237 1230 pol
1269 1198 1351 1225 ultra

768 1233 878 1260 inferre
897 1231 994 1264 pedem
1007 1247 1015 1260 ‚
1036 1235 1069 1257 ut
1078 1231 1220 1256 neminem
1231 1230 1331 1256 cedere
1342 1245 1352 1260 ‚

767 1270 855 1297 atque
881 1263 1043 1290 obstinatos
1066 1261 1142 1288 mori
1168 1261 1197 1286 in
1232 1261 1353 1294 vestigio

768 1302 911 1330 quemque
936 1294 989 1322 suo
1008 1294 1105 1324 vidit;
1132 1292 1271 1325 patefacta
1289 1294 1352 1320 acie

764 1328 856 1362 (quod
866 1332 900 1354 ut
911 1325 1004 1352 facere
1013 1325 1102 1357 posset
1111 1340 1120 1354 2
1140 1325 1299 1352 multitudo
1308 1331 1356 1351 ar-

769 1365 915 1386 matorum
924 1358 1009 1385 facile
1017 1356 1228 1390 suppeditabat)
1240 1363 1350 1384 cornua

772 1392 897 1418 hostium
906 1389 1064 1422 amplexus,
1074 1391 1104 1415 in
1115 1388 1211 1425 orbem
1223 1394 1353 1421 pugnan.

768 1431 810 1452 tes
820 1424 856 1450 ad
868 1429 959 1449 unum
968 1427 1067 1448 omnes
1076 1420 1194 1446 occidit.

800 1457 872 1486 Cap.
889 1456 914 1480 x
925 1454 999 1480 xu
1010 1454 1036 1479 1.
1065 1455 1162 1482 Atque
1179 1452 1238 1479 hzec
1255 1456 1351 1478 tamen

770 1487 896 1514 hostium
913 1487 1055 1512 iratorum
1066 1501 1075 1514 ‚
1091 1491 1124 1510 ac
1143 1490 1204 1511 tum
1227 1484 1351 1510 maxime

772 1519 972 1546 dimicantium
996 1517 1063 1548 Jure
1089 1516 1157 1542 beili
1177 1515 1209 1542 in
1225 1521 1353 1542 armatos

771 1548 1017 1589 repugnantesque
1042 1547 1211 1585 edebantur.
1246 1547 1354 1574 foedior

770 1584 827 1609 alia
846 1584 877 1608 in
893 1581 964 1609 urbe
982 1580 1141 1607 trucidatio
1156 1583 1238 1610 erat;
1259 1585 1350 1611 quum

772 1613 883 1641 turbam
921 1613 1107 1639 foeminarum
1140 1614 1371 1644 puerorumque·

771 1646 916 1673 imbellem
936 1645 1129 1675 inermemque
1146 1644 1219 1669 cives
1236 1641 1282 1669 sui
1303 1650 1355 1670 cae·-

770 1679 872 1705 derent
884 1694 893 1707 ‚
913 1677 943 1704 Sc
959 1677 991 1702 in
1008 1673 1170 1711 succensum
1190 1681 1293 1707 rogum
1314 1672 1357 1700 se-

774 1710 909 1736 mianima
917 1709 1051 1741 pleraque
1061 1707 1214 1738 injicerent
1224 1713 1360 1739 corpora,

771 1742 884 1779 rivique
894 1739 1043 1773 sanguinis
1059 1739 1200 1765 flammam
1211 1739 1354 1765 orientem

775 1774 1003 1805 restinguerent:
1025 1771 1166 1803 postremo
1194 1770 1246 1804 ipli
1277 1770 1353 1797 caede

776 1805 935 1832 miseranda
952 1803 1068 1830 suorum
1088 1801 1218 1840 fatigati2
1238 1808 1301 1829 cum
1311 1809 1358 1828 ar-

774 1838 829 1864 mis
855 1837 950 1863 medio
969 1835 998 1861 se
1014 1835 1151 1862 incendio
1176 1834 1355 1864 injecerunt.

774 1871 838 1902 Jam
849 1869 918 1896 cardi
931 1871 1099 1900 perpetratae
1118 1864 1240 1892 vistores
1249 1867 1358 1892 Roma-

773 1901 805 1928 ni
824 1901 1060 1934 supervenerunt.
1076 1904 1108 1924 ac
1126 1897 1220 1931 primo
1237 1897 1359 1929 conspe-

774 1934 821 1959 ἕω
832 1937 888 1959 tam
901 1931 985 1958 foedae
996 1930 1038 1956 rei
1048 1929 1230 1958 mirabundi,
1240 1935 1358 1961 parum-

775 1971 825 1997 per
835 1964 1054 1995 obstupuerunt.
1073 1962 1142 1988 dein
1153 1967 1243 1992 quum
1252 1967 1354 1988 aurum

773 2002 982 2029 argentumque
992 1993 1108 2021 cumulo
1126 1999 1223 2020 rerum
1233 1992 1357 2020 aliarum

776 2028 992 2060 interfulgens,
1009 2025 1149 2052 aviditate
1175 2025 1285 2056 ingenii
1301 2025 1359 2052 hu·

774 2060 852 2085 mani
865 2076 873 2087 ‚
891 2064 990 2091 rapere
1005 2063 1041 2083 ex
1059 2057 1067 2083 i
1089 2063 1125 2083 ne
1144 2057 1270 2085 vellent,
1291 2062 1357 2082 cor·

774 2098 804 2118 re
825 2091 849 2118 ti
867 2091 919 2117 alii
939 2089 1053 2116 flamma
1076 2093 1150 2117 unt,
1173 2087 1358 2114 aliiambust}

772 2131 788 2149 a
822 2128 872 2150 atii
889 2122 1019 2154 vaporis.-
1039 2127 1128 2152 quum
1149 2124 1277 2152 receptus
1298 2119 1358 2151 prl-

774 2155 827 2180 mis
836 2171 844 2183 ,
864 2158 985 2186 urgente
995 2152 1107 2185 ingenti
1117 2152 1202 2178 turba
1212 2166 1220 2179 ‚
1242 2157 1302 2176 non
1314 2150 1359 2178 es-

772 2185 824 2213 set.
845 2187 889 2213 Ita
900 2188 1003 2218 Astapa
1013 2200 1022 2213 ‚
1040 2183 1101 2210 sine
1113 2183 1205 2215 praeda
1214 2183 1353 2212 militum,

772 2217 849 2244 ferro
869 2218 988 2252 ignique
1007 2214 1154 2248 absumpta
1164 2215 1213 2240 est.
1232 2215 1360 2242 Marcius

771 2251 880 2277 caeteris
897 2250 961 2280 ejus
980 2248 1108 2281 regionis
1125 2252 1203 2272 metu
1222 2246 1253 2272 in
1273 2247 1357 2273 dedi-

773 2284 884 2308 tionem
894 2281 1014 2313 acceptis
1022 2296 1031 2309 ‚
1050 2279 1186 2305 victorem
1197 2279 1356 2304 exercitum

774 2313 977 2345 carthaginem
997 2312 1034 2338 ad
1052 2311 1213 2343 sclpionem
1225 2310 1354 2345 reduxit.

774 2346 826 2371 Per
844 2351 893 2371 eos
914 2343 988 2376 ipsos
1006 2344 1068 2370 dies
1122 2342 1212 2373 rfugae
1229 2349 1244 2367 a
1264 2341 1358 2367 Gadi-

774 2378 826 2407 bus
856 2380 1014 2408 venerunt,
1033 2375 1082 2409 pol
1097 2375 1220 2406 'centem
1240 2374 1357 2433 υὲὴξὲηΰ
