1414 2655
507 102 622 137 nris
648 107 672 132 z
696 108 721 133 t<
764 102 863 139 Χῑῑ.

85 143 153 168 τιιτπ
171 143 235 175 ejus
251 149 367 176 omnes,
387 145 439 181 qui
461 151 542 175 extra
559 146 666 179 regiam

91 180 175 201 erant
190 176 323 205 ,celavit-

124 208 194 239 Cap.
205 209 231 234 L
243 208 270 235 V
280 209 292 234 1
303 210 327 235 1.
341 210 483 241 oppreflit
496 211 585 243 igitur
603 215 670 235 nec-

88 238 242 268 opinantes
273 240 444 273 ignarosque
479 249 577 269 omnes
604 242 669 266 Per-

89 267 153 295 seus
163 287 171 297 .
180 271 210 297 ὃς
222 278 340 304 regnum
351 274 454 300 icelere
466 280 577 306 parturn
590 274 668 312 inva-

89 299 138 326 fit.
158 302 374 335 peropportuna
386 312 460 331 mors
472 306 597 337 Philippi
606 305 667 331 funt

88 332 125 358 ad
137 333 307 361 dilationem
318 352 325 364 ,
344 336 373 364 St
383 338 418 363 ad
430 338 502 363 vites
512 337 588 363 bello
600 344 666 362 con·

87 364 252 392 trahendas.
279 368 424 400 nam'post
470 371 548 396 aucis
566 369 668 395 diebus

85 400 156 425 gens
167 397 365 425 Bastarnarum
375 400 426 426 diu
450 400 589 427 ollicitata
603 415 610 428 ‚
630 401 665 426 ab

83 425 146 453 suis
155 427 267 456 {edibus
277 437 376 462 magna
386 432 514 464 peditum
523 432 668 463 equitum—

88 463 146 490 que
157 466 241 487 manu
262 462 365 488 Istrum
376 464 499 493 trajecit.
518 465 587 490 inde
599 470 668 496 prae-

87 490 171 521 gressi
192 494 240 523 qui
260 495 430 521 nunciarent
442 495 520 527 regi,
538 497 664 528 Antigo-

86 526 142 548 nus
154 523 183 549 Be
202 524 311 551 Cotto:
334 527 441 553 nobilis
450 528 474 553 is
483 532 543 553 etat
555 528 664 553 Bastar-

83 558 132 578 na.
152 560 214 581 erat
232 556 398 588 Antigonus
426 559 585 590 perinvitus
601 565 664 584 cum

83 583 148 613 ipso
160 587 288 613 Cottone
305 588 415 620 legatus
435 590 469 615 ad
479 591 666 616 concitandos

85 616 234 644 Bastarnas
252 620 358 646 missus.
377 622 462 647 Haud
479 622 579 654 procul
598 624 665 647 Am-

83 647 200 679 phipoli
218 650 300 677 famae
310 652 414 679 incerti
426 654 525 681 nuncii
536 660 665 680 occurre-

84 684 158 705 runt
168 695 177 709 ,
197 687 345 709 mortuum
355 682 408 711 effe
418 691 461 709 re:
468 691 511 711 em
521 693 528 713 t
551 692 612 716 quae
624 691 667 713 res

86 717 202 738 omnem
227 715 358 740 ordinem
386 717 499 743 consilii
524 717 664 753 turbavit.

84 742 283 779 §ompofitum
293 752 387 773 autem
396 747 434 773 stc
442 747 537 775 fuerat
552 755 558 772 τ
571 750 664 775 tranl-

85 777 160 800 1tum
176 783 227 806 per
246 777 400 804 Thraciam
410 784 505 805 tutum
518 796 525 808 ‚
542 780 571 806 St
584 787 663 806 com-

83 811 192 833 meatus
212 808 354 835 Bastarnis
368 814 402 836 ut
422 811 572 843 Philippus
592 818 664 843 prae·

84 836 181 864 staret.
199 840 229 866 id
240 845 273 866 ut
281 839 374 868 ficere
385 842 472 872 poss'et
482 859 489 870 ‚
510 844 658 874 regionum

86 869 231 902 principes
257 872 343 898 donis
360 874 507 904 coluerat3
534 874 593 909 fide
614 877 662 900 ina

83 900 228 932 obligata,
253 908 354 936 pacato
363 906 477 935 agmine
489 906 661 932 tranitturos

82 931 242 959 Bastarnas.
260 935 461 962 Dardanorum
481 942 593 969 gentem
613 939 661 963 de-

79 962 140 988 lere
158 965 335 996 propositum
354 972 432 996 erat,
452 967 541 1001 inque
560 976 659 995 eorum

79 998 151 1026 agro
162 996 237 1023 sedes
246 998 313 1023 dare
324 999 479 1025 Bastarnis.
496 1000 607 1036 duplex,
615 1001 659 1027 in-

77 1025 115 1051 de
135 1032 197 1054 erat
215 1030 397 1056 commodum
414 1030 547 1057 futurum
559 1048 566 1060 ,
587 1033 610 1057 ss
629 1034 657 1058 ὃ(

82 1057 213 1085 Dardani
224 1066 291 1092 gens
300 1060 409 1090 semper
420 1062 657 1090 infestiflimaMa-

76 1090 223 1119 mioniae,
242 1092 477 1125 temporibusque
496 1095 607 1126 iniquis
617 1102 659 1121 re-

76 1127 144 1152 gum
156 1123 316 1152 imminens,
328 1124 499 1152 tolleretur:
511 1127 539 1153 ὅ(
549 1127 658 1153 Bastar-

78 1158 140 1181 nae,
159 1154 265 1181 relictis
283 1155 313 1181 in
333 1156 478 1184 Dardania
487 1157 660 1188 conjugibus

73 1182 230 1217 liberisque
240 1202 249 1214 ‚
273 1187 309 1214 ad
327 1188 517 1219 populandam
542 1191 655 1227 ltaliam

73 1216 186 1271 follem
199 1218 288 1244 mitti.
304 1219 357 1243 Per
377 1220 537 1247 scordiscos
547 1227 602 1248 rtet
613 1225 654 1248 el·

89 1252 105 1271 e
120 1248 156 1275 ad
168 1254 244 1274 mate
259 1249 441 1277 Adriaticum
451 1266 459 1278 ,
472 1252 652 1285 Italiamque.

72 1278 130 1305 alia
142 1280 187 1306 via
200 1281 311 1307 traduci
330 1284 485 1309 exercitum
496 1290 556 1310 non
567 1284 652 1318 posl'e.

72 1309 172 1338 Facile
181 1313 326 1340 Bastarnis
335 1314 496 1341 Scordiscos
504 1316 559 1342 iter
568 1317 638 1344 datu
649 1329 659 1334 —

72 1348 133 1368 ros.
154 1350 206 1371 nec
226 1345 302 1371 enim
320 1349 372 1371 aut
390 1346 489 1378 lingua
505 1352 554 1374 aut
565 1350 653 1375 mori-

74 1372 128 1399 bus
146 1377 267 1407 :equales
285 1376 459 1409 abhorrere;
473 1378 503 1405 St
515 1379 591 1410 ipsos
600 1380 652 1406 ad-

71 1403 226 1435 junsturos
236 1407 263 1434 fe
273 1422 282 1436 2
302 1415 391 1440 quum
401 1410 436 1435 ad
448 1411 569 1441 praedam
578 1418 651 1443 opu-

71 1436 233 1465 lentissimae
251 1440 347 1472 gentis
364 1440 408 1466 ire
418 1441 560 1469 vidissent.
579 1444 652 1470 Inde

72 1467 105 1494 in
118 1476 230 1497 omnem
248 1477 382 1499 eventum
399 1474 517 1500 contilia
526 1480 651 1501 commo-

68 1499 226 1528 dabantur.
243 1503 300 1530 five
321 1503 381 1529 caest
398 1504 434 1529 ab
454 1506 594 1532 Romanis
605 1506 652 1532 fo-

68 1536 136 1559 rent
147 1534 287 1560 Bastarnae
301 1539 309 1564 ς
322 1536 472 1562 Dardanos
482 1541 574 1563 tamen
585 1538 652 1564 sub-

66 1561 164 1593 latos,
189 1566 368 1598 praedamque
391 1572 427 1592 ex
445 1568 574 1600 reliquiis
595 1571 650 1596 Ba-

68 1594 229 1623 starnarum
240 1613 249 1626 ,
268 1597 298 1624 &
318 1597 510 1627 pofl‘essionem
527 1601 646 1627 liberam

70 1626 223 1654 Dardaniae
233 1644 242 1657 ,
251 1627 355 1655 solatio
366 1630 444 1655 fote:
467 1630 523 1657 five
533 1634 648 1663 prospe-

68 1663 99 1683 re
108 1658 246 1691 genislent
257 1666 265 1690 ;
291 1662 432 1688 Romanis
442 1664 545 1689 averiis
553 1665 581 1690 in
593 1666 646 1690 Ba-

66 1689 225 1717 starnarum
237 1691 342 1718 bellum
354 1708 362 1719 ,
374 1699 606 1727 recuperaturum
616 1695 645 1723 se
665 1710 667 1715 v

64 1721 97 1746 in
109 1723 218 1749 Graecia
226 1730 288 1756 quoe
298 1723 439 1753 amififlet·
456 1727 522 1754 Haec
533 1727 643 1761 Philip-

70 1753 100 1785 pi
118 1754 238 1781 consilia
247 1754 375 1782 fuerant.

98 1786 170 1817 Cap.
188 1788 214 1813 L
225 1787 251 1812 V
263 1788 277 1812 1
289 1788 303 1813 1
312 1788 337 1813 1.
355 1788 472 1820 Ingressi
491 1788 645 1822 suntpaca-

64 1819 99 1842 to
108 1818 221 1848 agmine
231 1835 238 1847 .
258 1818 318 1846 fide
331 1820 505 1848 Cottonis&
519 1823 645 1855 Antigo-

63 1849 107 1874 ni.
126 1848 173 1875 sed
183 1850 258 1876 haud
279 1851 373 1878 multo
384 1851 445 1882 post
456 1852 558 1879 lamam
569 1861 644 1880 mor-

59 1879 100 1907 tis
111 1880 255 1914 Philippi,
268 1888 362 1914 neque
371 1883 495 1910 Thraces
503 1892 644 1912 commer-

62 1912 111 1939 cio
120 1912 219 1939 faciles
229 1919 417 1948 erantmeque
430 1916 573 1943 Bastarnae
584 1923 642 1943 em·

61 1948 114 1974 pto
139 1945 272 1972 contenti
298 1946 352 1972 effe
369 1952 504 1977 poterant
514 1964 522 1977 ‚
539 1954 589 1975 aut
612 1950 641 1976 in

59 1975 175 2007 agmine
184 1977 329 2003 contineri
341 1993 350 2006 ‚
359 1984 396 2005 ne
405 1980 576 2007 decederent
586 1982 640 2008 via.

59 2006 132 2033 inde
155 2008 272 2046 injuria}
296 2009 376 2035 ultro
403 2011 536 2043 citroque
554 2012 620 2039 fieri
633 2023 639 2038 ;

59 2044 182 2097 ἓξέἷῖἔέῗ
187 2040 339 2098 1232?ss?ssss
343 2045 574 2108 ”T‘lffiffiss'ff
579 2046 638 2102 2213

57 2107 91 2128 ac
111 2103 327 2130 multitudinem
349 2103 489 2133 sustinere
515 2107 636 2134 hostium

59 2138 120 2159 non
133 2134 240 2165 poss'ent
252 2150 261 2163 ‚
272 2136 378 2162 relictis
389 2138 588 2170 campestribus
598 2139 639 2165 vi-

58 2165 119 2194 eis,
138 2166 169 2192 in
187 2171 314 2193 montem
333 2168 457 2200 ingentis
474 2170 640 2197 altitudinis

57 2196 223 2224 (Donucam
233 2200 348 2230 vocant)
359 2200 638 2235 conceslerunt.Quo

60 2226 112 2256 ubl
127 2228 170 2258 lte
177 2230 319 2261 Bastarnae
332 2232 456 2264 vellent,
476 2234 558 2270 quali
566 2240 638 2264 tem-

707 148 810 178 pestate
819 150 921 180 Gallos
939 151 1095 185 spoliantes
1105 155 1231 187 Delphos
1242 152 1286 182 fa'-

708 185 752 205 tna
763 183 801 207 est
820 190 980 216 peremptos
988 186 1060 217 effe3
1082 186 1147 212 talis
1158 193 1217 213 tum
1229 189 1284 214 Ba-

707 210 831 248 starnas,
856 218 1045 249 nequicquam
1064 218 1100 245 ad
1118 218 1185 251 juga
1204 226 1287 247 mon-

708 246 780 268 tium
789 248 1065 280 appropinquantes,
1074 251 1220 281 oporessit.
1236 258 1286 277 ne-

706 280 762 306 que
780 278 855 304 enim
865 279 956 306 imbre
966 286 1078 307 tantum
1088 282 1177 308 effuso
1188 299 1196 311 ‚
1215 283 1283 310 dein

704 306 876 335 creberrima
900 313 1043 342 grandine
1067 314 1166 341 obruti
1195 314 1262 341 sunt
1275 332 1294 346 2,

705 344 768 364 cum
780 341 893 373 ingenti
912 342 1026 374 fragore
1035 345 1099 371 coeli
1113 346 1286 373 tonitribus-

705 376 761 407 que
786 372 814 399 S<
840 372 1002 405 fulguribus
1014 377 1286 410 praestrinaentibus

705 407 794 436 actem
813 405 964 432 oculorum
980 421 990 434 ‚
1003 408 1050 434 led
1062 408 1183 437 fulmina
1195 411 1281 436 etiam

704 433 741 458 lic
761 435 890 468 undique
908 438 1071 466 micabant,
1091 447 1125 466 ut
1136 442 1192 471 peti
1204 442 1282 468 vide-

705 471 807 499 [entur
823 474 963 501 corpora:
983 476 1035 496 nec
1054 471 1145 498 solum
1165 473 1284 503 milites.

704 497 750 522 ted
763 497 848 524 etiam
860 500 1002 534 principes
1013 501 1060 527 isti
1072 504 1214 531 caderent.
1228 505 1282 531 ita-

704 534 759 558 que
778 536 867 560 quum
886 533 1026 564 praecipiti
1045 533 1112 565 fuga
1131 541 1178 567 per
1198 542 1283 567 rupes

704 561 829 589 praealtas
838 562 993 595 improvidi
1003 566 1207 596 sternerentur,
1219 574 1284 594 rue-

705 596 846 625 rentque3
868 594 1010 621 instabant
1019 598 1135 629 quidem
1146 600 1282 629 perennis

705 623 829 649 Thraces
841 634 847 649 ε
859 626 904 653 sed
918 627 967 659 ipfi
981 629 1058 655 Deos
1067 629 1194 656 auctores
1207 630 1282 663 fugae

704 654 756 680 effe
779 656 940 689 coelumque
959 659 988 684 in
1007 659 1034 686 st
1052 667 1135 687 ruere
1151 662 1278 691 alebant.

707 686 840 719 Dislipati
866 691 1006 721 procella,
1029 698 1116 724 quum
1144 698 1281 726 tanquam

703 724 739 742 ex
762 720 917 752 naufragio
935 723 1066 753 plerique
1075 722 1236 751 semiermes
1246 727 1284 753 in

703 750 799 779 castra,
812 753 891 778 unde
901 753 1122 784 prosecuerant,
1132 756 1278 789 redifi'ent3

701 780 859 809 consultari
870 784 940 820 quld
949 792 1065 817 agerent
1076 793 1202 818 coeptum
1214 797 1219 812 τ
1232 790 1279 815 in·-

702 812 737 837 de
749 820 813 840 orta
832 816 962 842 dislenlm
976 824 984 847 3
1006 819 1071 845 aliis
1083 819 1275 851 redeundum,

700 844 764 869 aliis
792 848 997 877 penetrandum
1025 850 1054 875 in
1084 851 1256 878 Dardaniam
1269 868 1282 883 ,

701 874 891 905 censentibus.
918 880 1056 909 Trieinta
1072 880 1161 908 ferme
1185 883 1278 909 millia

701 906 852 935 hominum
880 911 889 941 (
902 911 1027 938 Clodico
1052 913 1124 939 duce
1150 914 1278 945 profecti

700 941 802 970 erant)
816 948 1019 973 pervenerunt.
1036 950 1136 970 caetera
1144 946 1280 974 multitu·

701 970 740 995 do
756 977 835 998 retro
846 980 902 1004 qua
913 980 1028 1000 venerat
1040 991 1047 1003 ,
1058 974 1278 1004 transdanubia-

700 1008 762 1027 nam
784 1004 927 1035 regionem
951 1007 1078 1037 reperiit.
1097 1007 1212 1036 Perseus
1223 1017 1274 1039 po-

699 1033 770 1067 titus
780 1042 878 1067 regno,
890 1037 1016 1063 interfici
1027 1040 1205 1071 Antigonum
1218 1041 1276 1069 ius-

698 1064 752 1091 sit:
774 1067 803 1093 Sc
814 1067 881 1094 dum
892 1068 1018 1096 firmaret
1028 1076 1082 1097 res,
1093 1072 1198 1103 legatos
1210 1075 1274 1100 Ro·-

698 1102 769 1122 mam
790 1099 825 1124 ad
850 1100 1005 1127 amicitiam
1022 1107 1166 1134 paternam
1188 1111 1274 1131 reno-

697 1131 816 1155 vandam
828 1146 836 1158 ,
848 1132 1066 1165 petendumque,
1078 1139 1112 1160 ut
1123 1140 1174 1160 rex
1183 1137 1219 1162 ab
1230 1136 1281 1163 seq.

699 1165 769 1186 natu
779 1163 984 1193 appellaretur,
995 1165 1081 1191 milit.
1097 1166 1165 1193 Haec
1175 1173 1211 1194 eo
1220 1174 1272 1196 an-

696 1197 734 1216 no
743 1192 774 1217 in
786 1193 956 1221 Macedonia
963 1196 1049 1227 gesta.

728 1224 799 1253 Cap.
817 1225 842 1250 L
854 1227 918 1251 IX.
937 1228 1020 1253 Alter
1039 1228 1209 1259 consulum,
1230 1231 1268 1262 Q.

695 1254 816 1282 Fulvius
834 1262 869 1283 ex
894 1258 1052 1290 Liguribus
1070 1262 1273 1293 triumphavit,

696 1292 780 1315 quem
789 1288 967 1320 triumphum
979 1291 1067 1322 magis
1073 1294 1272 1324 gratiaemumn

693 1324 788 1344 rerum
799 1321 936 1351 gestarum
954 1323 1149 1354 magnitudini
1160 1326 1275 1356 damin,v

693 1351 849 1378 constabat.
870 1355 1022 1380 Armorum
1043 1356 1189 1383 hostilium
1210 1364 1269 1384 ma-

693 1386 776 1413 gnam
795 1382 850 1409 vim
875 1386 1041 1413 transtulit,
1059 1389 1167 1413 nullam
1186 1395 1272 1420 pecus

694 1414 771 1439 niam
784 1414 947 1442 admodum.
961 1417 1058 1444 divisit
1067 1420 1201 1446 tamenin
1210 1421 1277 1447 fin-.

692 1444 775 1474 gulos
792 1446 899 1474 milites
917 1449 1044 1475 tricenos
1059 1451 1140 1476 aeris:
1160 1453 1268 1482 duplex

691 1477 928 1508 centurionibus,
943 1481 1049 1513 triplex
1061 1482 1163 1513 equiti.
1180 1484 1271 1511 Nihil

691 1507 722 1533 in
745 1515 780 1535 eo
797 1510 945 1544 triumpho
964 1513 1052 1546 magis
1070 1514 1267 1550 insignefult,

691 1545 774 1570 quam
793 1543 872 1573 quod
894 1543 971 1569 forte
997 1550 1139 1573 evenit,ut
1163 1548 1266 1574 eodem

691 1571 738 1597 die
759 1572 950 1605 triumpharet
965 1591 973 1604 ‚
1000 1582 1060 1608 quo
1075 1578 1171 1608 priore
1189 1585 1270 1605 anno

689 1608 725 1627 ex
734 1608 856 1635 praetura
867 1607 1268 1638 triumphaverat.secundum

689 1634 867 1667 triumphum
887 1639 1004 1665 comitia
1029 1640 1139 1668 edixit,
1160 1642 1274 1673 quibus

689 1667 778 1692 creati
788 1667 919 1695 consules
928 1669 1004 1698 sunt,
1016 1672 1060 1697 M.
1074 1672 1181 1703 junius
1190 1674 1269 1700 Bru-

688 1701 755 1726 tus,
784 1700 963 1727 A.Manlius
980 1702 1081 1728 vulso.
1109 1704 1270 1731 Praetorum
1312 1731 1318 1738 ,

690 1728 759 1755 inde
770 1730 862 1757 tribus
871 1732 981 1761 creatis,
991 1734 1108 1760 comitia
1118 1736 1267 1768 tempestas

687 1760 815 1787 diremit.
842 1763 954 1792 postero
973 1765 1021 1791 die
1030 1766 1135 1797 reliqui
1158 1772 1213 1794 tres
1225 1768 1268 1795 fa-

688 1791 737 1819 sti,
749 1798 816 1819 ante
825 1794 901 1820 diem
910 1801 1042 1826 quartum
1054 1798 1124 1825 Idus
1133 1800 1265 1829 Martias,

688 1824 732 1848 M.
752 1825 887 1853 Titinius
912 1828 1026 1854 Curvus
1036 1844 1043 1857 ‚
1063 1830 1101 1855 T.
1123 1831 1265 1859 Claudius

688 1855 777 1883 Nero,
787 1857 825 1882 Τ.
838 1858 976 1886 Fonteius
986 1860 1102 1892 Capito.
1114 1862 1191 1889 Ludi
1203 1864 1267 1889 Ro-

689 1888 764 1913 mani
784 1888 934 1916 instaurati
953 1892 988 1917 ab
1006 1893 1139 1919 :edilibus
1156 1896 1269 1921 curulb

685 1919 748 1948 bus,
760 1920 816 1945 Cn.
827 1921 951 1949 Servilio
960 1924 1105 1955 Caepione,
1117 1927 1268 1956 Ap.Clau--

686 1950 736 1976 dio
749 1952 902 1981 Centone,
914 1960 1031 1986 propter
1040 1956 1170 1994 prodigia
1182 1975 1188 1984 .
1199 1964 1263 1990 quae

685 1988 849 2010 evenerant.
868 1986 960 2011 Terra
973 1993 1073 2016 movit,
1087 1988 1117 2013 in
1128 1989 1201 2015 foris
1210 1997 1263 2020 pu-

686 2013 786 2043 blicis,
805 2016 854 2042 ubi
876 2017 1082 2044 lectisternium
1093 2026 1165 2046 erat.
1184 2022 1262 2047 Deo-

686 2047 1154 2109 {¹¹''ssssif'sffi-'1‘1‘ii‘35²323553'1‘L‘
1165 2058 1266 2110 aaa:

683 2084 730 2166 ἐῖἷ
734 2086 1270 2177 anticristi&inierint

686 2178 788 2201 mures,
801 2175 830 2199 in
848 2175 932 2204 prodi
954 2176 1011 2201 inm
1023 2175 1131 2202 versum
1143 2177 1192 2203 est.
1211 2179 1263 2206 Ad

665 2204 669 2241 1
685 2209 718 2228 ea
727 2206 867 2235 expianda
877 2207 952 2233 nihil
962 2207 1051 2234 ultra,
1060 2215 1144 2240 quam
1155 2215 1190 2237 ut
1199 2209 1267 2240 lud}

684 2234 922 2268 instaurarentur,
933 2238 1026 2267 anum
1036 2240 1085 2268 est.

742 2336 853 2381 ffd
1105 2348 1279 2389 Eva-1.
