1414 2655
160 134 232 175 ²³4

611 129 656 163 T.
711 129 918 165 leti

159 174 256 202 vincia
266 173 307 201 est
316 190 324 204 ,
339 173 406 207 quia
416 177 475 201 tres
482 172 604 208 scriptos
613 174 738 202 hostium
788 182 854 203 rum
863 175 948 208 Fama,
957 172 1167 204 tumulmofior
1174 175 1272 208 etim,
1280 183 1366 212 quam

156 207 302 234 aercims
314 224 323 235 ‚
340 213 402 232 uno
413 207 572 237 Etruriam,
582 208 677 234 altero
687 214 739 240 po-

787 213 832 234 res
850 214 932 236 erant
951 225 960 239 ‚
982 209 1091 241 perlata
1111 211 1250 239 Romam,
1268 209 1366 244 coegit

148 239 323 274 -pulat10nes
334 239 497 270 Campaniae
506 239 607 272 repeti,
617 240 734 266 tertium
785 239 823 265 L.
836 240 1013 268 Postumium
1022 239 1232 270 consulem,le
1239 241 1308 268 dum
1314 247 1364 270 va·

156 270 277 298 tuendis
296 272 388 302 parari
407 270 515 298 finibus
535 287 545 300 ‚
571 270 646 298 firma
663 277 735 298 erat.

157 302 337 329 Postumium
356 303 490 329 valetudo
510 302 626 330 adverfir
637 305 736 330 Romae

155 335 255 362 tenuit
267 341 275 359 ι
301 335 411 361 Atilius
420 342 484 361 cum
494 335 623 362 exercitu
632 341 740 361 extem-

153 366 206 399 plo
226 365 373 399 profectus
385 384 393 397 ,
411 373 445 392 ut
465 368 495 393 in
519 368 634 393 samnio
647 368 739 394 hostes

153 398 222 430 (ita
238 398 316 424 enirn
334 399 482 425 placuerat
494 399 646 429 Patribus)
665 405 739 425 non-

156 430 229 456 dum
246 429 366 486 esszreffos
383 430 567 463 opprimeret.
593 431 684 457 Velut
702 436 738 457 ex

158 467 263 493 compo
275 466 320 486 ito
349 462 390 488 ibi
407 462 525 489 obvium
542 462 664 488 habuere
686 462 738 488 ho-

154 492 226 528 stem
239 500 247 517 τ
264 493 314 519 ubi
326 493 356 519 St
366 494 476 520 intrare
487 510 496 522 ,
513 495 619 520 nedum
631 494 737 520 vastare

154 523 208 555 ipu
234 525 407 551 Samnitium
432 532 531 558 agrum
551 526 738 557 prohiberen-

155 559 226 582 tur.-
244 555 275 582 δε
294 557 391 588 egredi
410 558 478 585 inde
496 559 526 584 in
540 564 636 592 pacata
646 557 737 584 socio-

153 593 279 620 rumque
288 589 388 620 populi
402 590 528 616 Romani
540 590 612 616 lines
624 590 733 615 Samni-

155 623 216 657 tem
243 620 442 652 prohiberent.
470 622 568 655 Quum
588 621 674 647 castra
691 627 735 647 ca-

152 650 221 677 stris
238 651 339 690 collata
358 652 462 682 client,
480 653 560 685 quod
570 653 618 679 vix
631 655 736 678 Roma-

155 688 212 709 nus
232 687 318 709 toties
336 684 428 711 vietor
450 685 587 712 auderet,
607 685 667 711 auli
690 686 737 710 Sa-

154 714 262 741 mnites
270 714 339 742 sunt
358 716 484 746 (tantum
495 715 657 747 desperatio
665 717 736 743 ulti-

154 752 201 772 ma
219 748 387 773 temeritatis
398 749 486 779 facit)
505 749 594 774 castra
606 749 737 774 Romana

151 784 330 810 oppugnare.
350 778 379 805 ὃ(
400 786 571 811 quamquam
581 786 641 805 non
655 781 735 806 venit

152 810 191 836 ad
212 810 300 836 finem
320 816 376 838 tam
386 812 480 838 audax
496 812 654 842 incoeptum
666 829 674 841 ‚
692 817 734 837 ra-

152 847 217 867 men
239 841 315 868 haud
334 844 456 869 omnino
475 850 579 869 vanum
588 843 658 869 fnit.
678 844 737 869 Ne-

152 871 223 898 bula
240 874 344 900 eratad
356 875 479 902 multum
490 876 549 901 diei
563 881 571 905 ;
590 873 677 901 densa
686 875 736 901 ad-

149 909 197 933 eo,
209 909 244 930 ut
254 906 327 931 lucis
336 905 426 932 visum
437 908 560 940 eriperet
573 913 581 938 ς
600 914 659 933 non
671 914 737 938 pro-

149 934 249 965 spestu
269 937 357 963 modo
376 944 458 964 extra
476 939 582 965 vallum
592 939 735 970 adempto,

152 967 202 993 {ed
214 969 379 1002 propinquo
387 972 473 997 etiam
484 971 736 1003 congredientium

151 999 269 1037 intense
278 1001 440 1031 conspeetu.
466 1004 527 1029 Hac
536 1004 616 1029 velut
627 1003 736 1028 latebra

150 1031 323 1068 insidiarum
343 1033 412 1060 freti
431 1036 588 1062 Samnites,
607 1035 655 1060 vix
664 1035 734 1060 dum

148 1061 221 1089 satis
230 1071 306 1101 certa
315 1065 388 1092 luce,
398 1065 426 1092 Sc
437 1073 497 1092 eam
509 1065 596 1098 ipsam
608 1072 732 1098 premen-

150 1099 184 1121 te
198 1095 321 1128 caligine
332 1113 340 1123 ,
357 1097 391 1123 ad
412 1097 562 1124 stationem
576 1099 734 1124 Romanam

152 1127 186 1153 in
215 1133 299 1158 porta
325 1127 450 1159 segniter
471 1136 602 1161 agentem
621 1130 736 1161 vigilias

150 1160 340 1197 perveniunt.
353 1157 519 1192 improviso
529 1160 672 1194 opprcssis,
683 1168 735 1188 nec

150 1195 241 1227 animi
250 1190 318 1218 saris
326 1192 360 1218 ad
372 1192 619 1222 reliitendtim,nec
630 1193 734 1218 virium

153 1220 222 1248 fuit.
251 1224 296 1261 ᾼὺ
314 1229 396 1255 tergo
414 1225 569 1251 castrorum
578 1225 734 1250 decumana

149 1259 237 1287 porta
258 1262 381 1287 impetus
391 1256 491 1283 fietus.
510 1257 608 1288 itaque
619 1261 733 1288 captum

151 1287 337 1325 qufestnrium
351 1295 358 1312 :
377 1288 605 1319 questorqueibi
615 1288 650 1313 1...
664 1289 734 1326 Opi-

155 1325 232 1344 mnus
243 1319 331 1345 Pansa
340 1319 459 1346 occisus.
470 1320 678 1347 conclamatum
689 1327 735 1347 m-

151 1350 190 1376 de
201 1351 236 1377 ad
246 1357 334 1377 arma.

135 1405 137 1407 .
189 1384 258 1421 Cap.
281 1384 307 1408 Χ
318 1385 343 1409 Χ
353 1384 379 1408 Χ
389 1384 404 1410 1
413 1385 428 1410 1
438 1385 463 1410 1.
483 1383 594 1410 consul
605 1383 735 1410 tumultu

151 1419 275 1444 excitus,
286 1416 420 1442 cohortes
428 1417 499 1442 duas
508 1415 662 1444 sociorum,
672 1416 733 1441 Lu-

148 1453 250 1473 canam
270 1448 483 1481 Suessanamque
493 1463 502 1477 ‚
524 1454 587 1480 quae
596 1449 734 1480 proximae

151 1477 233 1506 forte
243 1485 326 1506 erant
337 1497 345 1509 ‚
365 1481 441 1508 tueri
453 1480 619 1511 praetorium
631 1479 731 1510 jubet:

151 1511 317 1549 gnanipulos
340 1512 488 1545 legionum
517 1511 669 1544 principali
689 1511 735 1536 via

149 1544 279 1570 inducit.
297 1544 428 1571 Vixdum
447 1544 513 1571 satis
522 1544 627 1574 aptatis
636 1543 734 1571 armis,

150 1575 184 1601 in
205 1576 322 1602 ordines
343 1581 433 1602 eunt:
455 1576 485 1602 Se
504 1576 627 1602 clamore
646 1575 735 1607 magis

153 1612 240 1639 quam
267 1608 359 1634 oculis
385 1608 493 1633 hostem
510 1606 634 1633 noscunt
656 1613 662 1631 ε
684 1612 736 1632 nec

151 1644 281 1669 quantus
291 1646 426 1666 numerus
432 1639 479 1668 fit,
490 1638 620 1665 aestimari
631 1638 734 1669 potest.

152 1672 271 1698 Cedunt
290 1673 384 1704 primo
405 1671 509 1697 incerti
535 1670 660 1696 fortunae
669 1668 734 1699 sure,

152 1701 184 1730 St
203 1703 308 1728 hostem
331 1702 491 1730 introrsum
503 1703 533 1728 in
546 1703 638 1727 media
649 1702 736 1727 castra

152 1735 311 1767 accipiunt.
329 1736 397 1761 inde
415 1741 503 1766 quum
515 1732 617 1761 consul
629 1732 734 1760 vocife-

151 1772 268 1793 raretur·
278 1784 285 1795 ,
308 1767 459 1798 expulsine
471 1771 553 1792 extra
563 1766 680 1793 vallum,
692 1771 737 1793 ca-

154 1797 211 1824 stra
229 1798 336 1824 deinde
353 1798 401 1825 sua
420 1797 617 1831 oppugnaturi
637 1796 734 1825 essent,

153 1830 306 1861 rogitan33
323 1831 447 1856 clamore
474 1828 588 1855 sublato
614 1828 736 1855 connixi

153 1862 250 1894 primo
257 1862 409 1888 resistunt:
425 1861 528 1888 deinde
542 1861 676 1887 inferunt
688 1866 733 1892 pe-

153 1893 221 1919 dem
232 1909 239 1921 ,
260 1899 441 1926 urgentque,
461 1892 640 1924 &impulsos
652 1891 737 1917 semel

152 1930 268 1951 terrore
277 1925 376 1951 eodem
386 1930 487 1957 agunt,
499 1931 560 1956 quo
573 1928 735 1956 creperum.

133 1956 318 1987 ,Expellunt
336 1961 417 1982 extra
437 1961 550 1988 portam
561 1956 737 1986 vallumque.

127 1991 131 1994 ·
151 1987 222 2014 inde
234 1994 348 2020 pergere
358 1995 390 2015 ac
400 1988 530 2020 persequi
552 1988 632 2020 (quia
644 1986 739 2013 turbi-

151 2019 191 2045 da
210 2020 263 2046 lux
273 2024 379 2046 metum
389 2020 463 2046 circa
474 2019 642 2046 insidiarum
653 2018 739 2044 sacie-

154 2051 225 2082 bat)
244 2057 305 2077 non
326 2051 404 2081 auli,
424 2051 554 2078 liberatis
563 2051 659 2077 castris
670 2055 739 2076 con-

151 2083 231 2109 tenti
249 2089 452 2120 ‚,rcceperunt
470 2082 498 2108 se
515 2084 593 2110 intra
612 2083 738 2113 vallum;

151 2119 293 2141 trecentis
313 2115 401 2141 ferme
411 2114 536 2141 hostium
548 2115 657 2142 occiiis.
678 2115 738 2140 Ro-

154 2152 307 2173 manorum
326 2146 458 2173 stationis
469 2147 584 2178 primae,
604 2147 631 2172 vi
654 2145 738 2172 ilum·

154 2183 227 2210 que,
254 2179 284 2204 Sc
295 2184 393 2204 eorum
406 2179 458 2211 qui
469 2179 544 2204 circa
554 2185 615 2211 qum
642 2177 737 2204 orium

154 2209 399 2242 oppreffi,periere
407 2211 442 2237 ad
452 2209 736 2241 ducentos'triginta.

156 2242 282 2267 Animos
297 2241 363 2268 inde
375 2242 551 2268 samnitibus
560 2248 620 2268 non
631 2241 737 2267 infelix

153 2273 273 2300 audacia
283 2275 366 2301 auxit
377 2290 385 2302 ‚
396 2274 425 2302 8(
435 2280 495 2300 non
504 2274 593 2300 modo
608 2272 737 2304 proferre

155 2304 227 2331 inde
238 2305 325 2332 castra
336 2307 501 2332 Romanum
513 2321 519 2335 ‚
539 2304 587 2331 sed
599 2311 635 2330 ne
648 2304 736 2336 pabu-

153 2336 211 2362 lari
231 2337 346 2368 quidem
366 2344 415 2369 per
424 2343 507 2369 agros
517 2336 581 2363 suos
591 2336 739 2367 patieban-

157 2372 218 2393 tur.
246 2373 325 2395 retro
345 2369 376 2395 in
396 2373 526 2400 paoetum
547 2370 689 2394 Soranum
709 2374 737 2393 a-

155 2404 239 2435 grum
251 2401 432 2434 pabulatores
443 2401 536 2430 ibant.
553 2401 682 2437 Qarum
693 2405 739 2426 re-

782 270 1031 306 lidum‚proficisci
1043 278 1077 299 ex
1088 272 1170 304 urbe;
1181 272 1262 305 prius
1270 276 1365 301 tamen

783 309 869 339 quam
879 305 972 331 exiret
985 319 993 333 ‚
1013 304 1155 331 militibus
1163 303 1258 331 edisto
1268 307 1364 333 soram

780 335 861 365 Juflls
871 337 1033 363 convenire.
1044 335 1108 369 lpse
1117 336 1205 362 oedem
1217 335 1366 366 Victoria.

782 373 868 398 quam
887 369 979 395 aediiis
998 369 1107 395 curulis
1131 373 1169 394 ex
1187 366 1368 395 mulstaticla

783 400 904 429 pecunia
914 400 1071 426 taciendam
1081 404 1238 428 curaverat,
1249 399 1363 426 dedim-

783 431 835 457 vit.
852 433 899 458 Ita
915 433 951 458 ad
968 433 1125 458 exercitum
1147 430 1291 463 profectus
1304 429 1366 460 ‚ab

783 463 851 488 sora
874 463 906 489 in
925 463 1072 490 samnium
1090 463 1127 489 ad
1146 462 1234 489 castra
1248 461 1366 494 collegae

782 496 922 523 perrexit.
949 496 1019 521 inde
1037 495 1184 527 postquam
1203 494 1359 520 samnites·

781 525 866 552 diffiii
884 527 997 553 duobus
1014 526 1191 553 exercitibus
1200 525 1288 552 reiisti
1300 523 1366 557 pos·

781 555 810 582 se
820 574 828 586 ‚
849 558 1019 585 recesset-unt
1035 565 1043 589 ς
1059 557 1162 585 diverti
1185 556 1316 584 consules
1325 556 1363 584 ad

781 590 928 617 vastandos
945 597 1028 624 agros
1044 589 1185 624 urbesque
1194 594 1367 623 oppugnan-

779 621 830 648 das
841 622 1004 649 discedunt.

812 655 882 686 Cap.
897 655 922 679 X
933 656 958 679 X
970 656 996 680 Χ
1007 655 1020 680 1
1032 654 1070 679 V.
1089 651 1252 680 Postumius
1261 651 1365 678 Milio-

780 686 857 711 niam
866 692 1032 720 oppugnare
1041 686 1168 713 adortus,
1178 683 1206 710 vl
1216 684 1309 716 primo
1320 687 1365 710 at-

780 723 837 748 que
856 717 964 750 impetu
976 735 984 746 ‚
997 718 1103 744 deinde
1114 716 1260 750 postquam
1271 721 1304 752 ea
1315 720 1364 747 pa·

781 754 845 774 rum
856 749 1048 781 procedebant
1057 765 1065 778 ‚
1076 754 1163 780 opere
1172 754 1203 773 ac
1213 747 1305 774 vineis
1313 747 1365 772 de·

782 786 860 816 mum
875 781 1012 812 injunctis
1023 787 1108 807 muro
1116 779 1203 811 cepit.
1221 779 1266 804 lbi
1278 782 1362 810 capta

780 817 838 841 ,arn
857 812 927 838 urbe
946 813 981 838 ab
1000 813 1071 838 hora
1089 815 1192 844 quarta
1214 809 1305 842 usque
1325 809 1364 836 ad.

780 843 906 869 oetavam
926 843 987 870 fere
996 844 1096 870 horam
1106 858 1115 870 ‚
1132 842 1266 868 omnibus
1275 840 1366 873 parti-

782 875 835 900 bus
855 875 935 901 urbis
952 877 1005 903 diu
1017 876 1128 902 incerto
1138 879 1243 900 eventu
1253 879 1364 907 pugna-

782 911 844 932 tum
872 906 922 933 est.
954 907 1095 939 postremo
1124 905 1237 938 potitur
1254 904 1366 937 oppido

784 940 943 964 Romanus.
967 939 1137 965 Samnitium
1155 938 1215 964 caefi
1237 937 1293 962 tria
1303 935 1369 962 mil-

781 970 820 996 lia
830 971 948 997 ducenti
960 979 966 995 t
986 971 1062 1003 capti
1073 975 1197 1002 quatuor
1206 969 1300 994 millia
1308 968 1365 994 du-

782 1003 858 1028 centi
878 1018 886 1029 ‚
906 1007 1008 1034 praeter
1027 1003 1147 1034 praedam
1168 1001 1264 1027 aliam.
1291 999 1370 1026 Inde

781 1033 971 1060 Ferentinum
982 1034 1072 1061 dustae
1082 1031 1302 1066 legiones-unde
1311 1037 1366 1064 op-

781 1066 880 1096 pidani
893 1072 955 1091 cum
965 1065 1102 1091 omnibus
1113 1064 1195 1090 rebus
1207 1063 1265 1090 suis
1274 1079 1283 1091 ‚
1301 1069 1365 1096 quae

780 1098 852 1124 ferri
873 1098 974 1129 agique
996 1101 1158 1130 potuerunt
1176 1112 1185 1124 ‚
1211 1094 1296 1121 noste
1314 1099 1365 1127 per

780 1127 906 1155 aversam
926 1133 1037 1161 portam
1048 1128 1164 1154 silentio
1174 1127 1363 1154 excefferunt.

781 1161 877 1194 Igitur
899 1161 982 1186 limul
1001 1161 1119 1186 advenit
1129 1159 1229 1194 consul
1243 1175 1251 1188 ‚
1267 1159 1362 1190 primo

780 1193 822 1218 ita
842 1192 1016 1226 compotitus
1036 1191 1249 1223 instrustulque
1261 1190 1366 1216 moeni-

781 1225 830 1251 bus
840 1223 966 1250 ihcceffir
979 1231 987 1253 .·,
1004 1229 1141 1255 tanquam
1152 1220 1317 1253 idermqtmd
1325 1220 1364 1248 ad

782 1256 948 1282 Milioniam
959 1255 1055 1281 fuerat
1065 1271 1074 1284 ,
1095 1254 1260 1280 certaminis
1269 1253 1362 1279 foret=
1382 1266 1385 1270 ·

781 1288 896 1314 deinde
912 1293 946 1314 ut
964 1287 1113 1314 filentium
1140 1285 1247 1312 vastum
1265 1286 1296 1311 in
1315 1289 1366 1310 ur-

782 1320 816 1345 be
831 1336 839 1348 ‚
865 1326 917 1345 nec
943 1325 1020 1344 arma
1049 1325 1101 1344 nec
1121 1318 1197 1344 viros
1217 1317 1248 1343 in
1276 1315 1368 1342 turri·

783 1352 833 1377 bus
859 1357 891 1378 ac
907 1351 998 1376 muris
1021 1351 1098 1377 vidit
1108 1367 1117 1379 ,
1143 1349 1258 1376 avidum
1286 1349 1374 1374 iuva-2

781 1383 871 1409 dendi
895 1382 1007 1410 deserta
1027 1382 1135 1408 moenia
1156 1381 1278 1407 militem
1288 1379 1366 1406 deti·

783 1420 833 1441 net
847 1421 855 1445 3
875 1421 910 1440 ne
930 1421 1015 1446 quarn
1033 1414 1176 1440 occultam
1186 1413 1218 1438 in
1232 1411 1365 1438 fraudem

782 1447 914 1473 incautus
931 1450 1036 1472 rueret.
1056 1447 1138 1472 Duas
1154 1450 1262 1471 turmas
1275 1442 1369 1469 socio-

781 1484 844 1504 rum
865 1478 964 1504 Latini
983 1477 1112 1505 nominis
1120 1477 1227 1504 circum
1237 1475 1370 1507 equitare

784 1511 891 1536 nioenia
901 1515 988 1541 atque
1000 1509 1153 1541 explorare
1163 1507 1262 1534 omnia
1274 1507 1369 1536 lubet:

782 1542 895 1573 equites
914 1546 1027 1571 portam
1039 1547 1128 1566 unam
1137 1540 1311 1571 alteramque
1321 1543 1370 1564 ea-

781 1574 845 1600 dem
869 1573 987 1604 regione
1007 1573 1037 1598 in
1058 1572 1228 1604 propinquo
1258 1574 1370 1597 arentes

781 1605 965 1637 conspiciunt
979 1619 987 1632 ‚
1008 1603 1219 1635 itineribusque
1252 1603 1276 1628 is
1286 1601 1369 1627 vesti-

781 1638 826 1670 gia
838 1637 984 1662 noeturnae
995 1636 1119 1662 hostium
1132 1635 1221 1667 fugae.
1240 1633 1370 1666 Adequi-

785 1674 846 1696 :ant
857 1668 962 1694 deinde
972 1667 1072 1694 senfim
1085 1667 1178 1700 portis
1187 1683 1196 1695 ‚
1213 1666 1371 1697 urbemque

781 1707 818 1726 ex
828 1705 895 1726 tuto
906 1700 988 1726 restis
1000 1699 1155 1725 itineribus
1164 1698 1291 1730 perviam
1300 1703 1371 1724 con—

782 1732 910 1765 spiciunt
923 1739 930 1756 :
949 1731 984 1758 ad
997 1731 1143 1758 consulem
1155 1729 1290 1756 referunt
1300 1745 1308 1757 ‚
1320 1733 1370 1754 ex-

783 1764 887 1791 cessum
910 1763 983 1789 urbe
1007 1762 1169 1790 solitudine
1189 1761 1266 1788 lmud
1283 1761 1372 1787 dubia

782 1796 962 1829 persoicuum
980 1793 1033 1820 effe
1043 1811 1051 1823 ‚
1073 1795 1102 1821 St
1113 1793 1276 1820 recentibus
1286 1792 1382 1818 vesti--

781 1829 837 1861 giis
847 1827 933 1858 fugae,
949 1833 980 1852 ac
990 1826 1078 1859 strage
1089 1833 1185 1852 rerum
1198 1826 1229 1851 in
1240 1824 1365 1856 trepida·

784 1861 865 1885 tione
900 1859 1041 1884 nosturna
1069 1857 1166 1889 panim
1192 1855 1368 1882 relistarum.

784 1891 839 1918 His
848 1891 957 1917 auditis
967 1888 1069 1916 consul
1079 1889 1114 1916 ad
1123 1895 1184 1914 eam
1195 1893 1304 1920 partem
1314 1893 1373 1912 ur-.

783 1923 826 1949 bis
837 1939 846 1952 ,
865 1929 920 1954 qua
931 1922 1063 1948 adierant
1072 1921 1194 1952 equites,
1206 1918 1370 1945 circumdu-

784 1955 825 1980 cit
836 1960 936 1987 agmen
951 1961 957 1976 .-
975 1951 1199 1985 constitutisque
1211 1951 1287 1977 haud
1299 1956 1368 1982 pro-

785 1986 832 2012 cul
844 1989 928 2018 porta
937 1984 1024 2018 signis
1035 2001 1043 2014 ‚
1061 1985 1191 2017 quinque
1201 1983 1312 2021 equites
1320 1981 1370 2012 ju-

787 2018 834 2044 bet
851 2018 961 2044 intrare
979 2017 1078 2042 urbem
1089 2031 1098 2044 ‚
1115 2015 1144 2042 8<
1154 2015 1299 2041 modicum
1308 2013 1369 2045 spa-

785 2050 861 2076 tium
878 2047 1033 2081 progreffos
1042 2062 1051 2077 ‚
1072 2052 1131 2074 tres
1140 2053 1254 2077 manere
1264 2046 1365 2072 eodem

785 2082 851 2108 loco
860 2097 868 2110 ‚
878 2081 899 2106 li
910 2085 975 2107 tuta
985 2080 1139 2106 videantur
1151 2086 1158 2104 z
1182 2079 1258 2104 duos
1266 2076 1372 2108 explo-

786 2119 847 2140 rata
856 2113 890 2139 ad
900 2111 928 2139 se
939 2112 1057 2139 referre.
1078 2110 1136 2144 Qui
1146 2110 1197 2137 ubl
1207 2110 1370 2138 redierunt,

787 2145 1016 2177 retuleruntque,
1029 2149 1063 2170 eo
1074 2142 1102 2169 se
1111 2141 1279 2176 progressos,
1290 2141 1378 2167 unde*

788 2177 820 2202 in
848 2182 948 2203 omnes
978 2180 1071 2207 partes
1089 2173 1308 2206 circumspeetus
1325 2170 1370 2198 es-

786 2208 827 2235 let
839 2225 848 2236 .
866 2209 952 2240 longe
972 2208 1088 2238 lateque
1099 2206 1247 2232 silentium
1259 2211 1290 2230 ac
1299 2203 1368 2229 soli-

786 2241 918 2267 tudinem
944 2238 1041 2265 v1diffe
1063 2245 1072 2269 ς
1101 2237 1245 2268 extemplo
1266 2233 1375 2263 consult

787 2272 920 2299 cohortes
946 2271 1092 2307 expedita}
1109 2270 1140 2296 ln
1160 2269 1261 2295 urbem
1282 2267 1368 2294 indu-

785 2304 850 2330 xit:
868 2309 984 2329 caeteros
1005 2303 1121 2329 interim
1139 2300 1227 2327 castra
1239 2305 1375 2326 commu-

788 2335 853 2361 nire
861 2335 952 2366 juffit.
972 2333 1087 2367 ingrefli
1096 2333 1203 2359 milites
1213 2348 1222 2361 ‚
1239 2330 1371 2357 refractis

788 2367 903 2394 foribus
915 2383 924 2397 ‚
941 2371 1041 2398 paucos
1063 2371 1161 2397 graves
1173 2368 1253 2390 aetate
1263 2368 1313 2388 aut
1323 2361 1371 2387 in-

787 2399 898 2428 validos
924 2398 1079 2427 inveniunt
1098 2413 1108 2430 ,
1132 2395 1379 2459 πειίᾶεᾳιιῶιέἶιὲξ
