1414 2655
131 91 201 156 ‹3:um
212 120 343 152 tumultu
356 121 533 153 erumpunt,
547 116 719 152 stragemqu

131 158 262 187 hostium
280 155 405 182 eiciunt.
423 154 469 189 Ita
480 150 579 184 primis
588 149 716 183 repulus,

137 188 292 218 Maharbal
311 193 375 214 cum
395 190 503 216 mamre
520 182 623 209 robore
643 181 721 207 viro-

134 229 204 250 rum
231 219 342 247 mifl‘uS.
374 222 426 243 nec
436 248 444 255 ·
455 214 514 248 ipse
537 214 720 247 eruptionem

134 254 302 283 cohortium
323 250 470 278 sustinuit.
498 246 639 279 postremo
657 246 722 271 An-

135 286 238 315 nibal,
256 284 352 311 castris
370 278 509 311 anteipsa
518 278 626 305 moenia
633 283 722 311 oppo-

134 319 201 346 sitis
213 334 221 346 ,
231 322 344 350 parvam
356 314 455 341 urbem
466 316 642 344 parvumque
653 315 722 341 prae-

138 350 246 378 fidium
263 346 372 374 summa
389 345 417 372 vi
436 349 522 375 atque
531 342 666 369 omnibus
676 346 722 366 co-

162 383 198 409 iis
218 385 383 413 oppugnare
402 381 493 410 parat.
510 382 542 401 ac
555 374 624 401 dum
635 372 723 399 instat

154 412 305 443 aeeffitque
317 427 324 440 ‚
343 415 452 436 corona
461 407 592 439 undique
603 406 725 432 circum·

144 445 222 473 datis
241 442 384 477 moenibus
396 458 405 470 ‚
428 437 676 474 aliquotxmilires
694 434 723 462 Sc

140 476 270 510 prompti
275 474 384 501 firmum
394 477 536 505 quemque
546 478 561 495 e
571 475 654 496 muro
664 473 725 495 tur-

142 507 281 539 tibusque
293 506 365 532 istos
381 503 485 530 amisit.
503 502 593 528 semel
603 501 684 526 ultro
696 505 726 524 e-

143 544 313 575 rumpentes
323 537 435 576 agmine
446 535 663 569 elephantorum
675 538 726 563 op-

141 572 241 606 poilto
272 575 342 601 rope
352 567 524 596 interclulm
539 563 724 596 trepidosque

143 609 250 635 compu
264 602 286 629 it
296 603 326 629 in
337 601 453 627 urbem:
477 596 546 625 saris
556 596 656 623 multis
666 611 674 624 ‚
693 599 728 621 ut

145 642 184 663 ex
195 639 278 662 tanta
288 633 431 667 paucitate
441 646 450 659 ‚
470 628 643 657 Interfectis.
663 627 726 658 plu-

147 674 194 695 res
202 665 365 693 cecidifl'ent
377 680 386 693 ‚
406 663 438 690 nl
449 668 510 689 nox
521 661 627 693 proelio
639 659 730 685 inter-

146 698 280 729 venisset.
297 696 416 723 Postero
437 695 486 721 die
500 693 631 719 omniurn
639 690 729 717 animi

147 732 187 760 ad
196 728 420 765 oppugnandum
429 725 626 753 accenduntur
641 729 651 754 ;
670 723 730 749 uti·

146 762 409 827 ilssssl'ssffiffffi.
417 760 731 826 {Tzffipiffigxmfssl

149 826 227 855 nelli
236 826 323 858 plano
343 825 409 851 loco
421 829 458 854 po
471 821 508 847 iti
515 820 627 853 segnem
638 824 731 850 oppu-

149 858 317 893 gnationem
339 854 458 888 Sagunti
487 850 733 884 expugnatoribus

150 889 344 923 exprobrabat
355 897 362 913 :
383 888 548 912 Cannarum
559 882 733 909 Trasimeni-

151 929 211 955 que
235 921 266 949 8<
285 919 398 946 Trebiae
419 918 547 949 singulos
565 915 733 942 admonens.

150 951 444 984 universosquelnde
456 951 544 975 vineae
553 952 666 979 quoque
676 952 734 971 coe·

149 991 208 1022 ptae
226 985 272 1019 agi
284 1001 293 1014 ‚
311 982 509 1013 cuniculique:
534 985 586 1005 nec
595 979 630 1005 ad
643 977 736 1003 varios

152 1023 275 1046 conatus
293 1015 418 1041 hostium
427 1019 477 1040 aut
485 1012 528 1037 vis
536 1011 597 1037 ulla
607 1026 615 1038 ‚
627 1014 677 1036 aut
690 1014 736 1035 ars

154 1051 266 1078 deerat.
280 1047 355 1075 socii
365 1048 564 1073 Romanorum
574 1046 736 1074 propugna-

151 1083 221 1111 cula
229 1078 361 1108 adversus
381 1078 476 1104 vineas
485 1077 606 1103 statuere
617 1090 625 1102 ⁷
645 1072 738 1100 trans-

155 1114 245 1142 versis
272 1110 416 1139 cuniculis
437 1108 561 1135 hostium
587 1105 738 1133 cuniculos

155 1146 301 1178 excipere,
313 1144 342 1171 ὃς
356 1143 446 1175 palam
455 1140 484 1167 Sc
494 1140 565 1165 clam
574 1137 675 1170 coeptis
686 1136 737 1161 ob-

153 1179 233 1205 viam
251 1177 313 1214 ire}
334 1175 427 1201 donec
446 1171 632 1204 pudoretiam
644 1168 739 1195 Anni-

155 1210 251 1237 balem
260 1209 295 1234 ab
304 1211 435 1245 incoepto
442 1203 547 1241 avertit
558 1211 565 1229 ε
585 1199 741 1239 castrisque

155 1241 348 1270 communitis
364 1244 397 1264 ac
413 1235 543 1269 praelldlo
562 1234 676 1260 m0dlc0
687 1238 739 1258 im-

156 1274 266 1333 gofito,
278 1278 315 1297 ne
328 1268 426 1296 omissa
435 1274 479 1294 res
488 1267 643 1293 videretur,
654 1264 686 1289 in
696 1264 742 1289 hi-

181 1312 250 1332 erna
268 1305 393 1336 Capuam
412 1298 559 1327 concessit.
576 1297 621 1323 lbi
631 1300 740 1328 partem

160 1337 302 1368 majorem
320 1333 423 1360 hiemis
439 1331 600 1357 exercitum
616 1328 648 1355 in
659 1327 743 1354 tetris

159 1369 265 1396 habuit
273 1373 287 1398 ,-
298 1364 432 1393 adversus
441 1364 540 1389 omnia
551 1363 675 1388 humana
683 1366 740 1385 ma-

159 1402 191 1430 la
200 1400 269 1433 saepe
280 1406 311 1426 ac
321 1398 373 1424 diu
382 1397 534 1423 durantem
545 1411 554 1423 ,
565 1391 650 1419 bonis
660 1392 742 1417 inex-

160 1437 276 1467 pertum
285 1435 373 1462 atque
393 1426 547 1455 insuetum.
564 1427 663 1456 itaque
670 1429 743 1455 quos

162 1465 247 1493 nulla
267 1463 336 1489 mali
355 1461 461 1488 vicerat
469 1460 511 1485 vis
521 1474 529 1487 ‚
540 1456 689 1490 perdidere
699 1455 744 1481 ni-

163 1497 224 1524 mia
234 1498 309 1523 bona
317 1500 348 1520 ac
358 1492 515 1524 voluptatis
524 1488 682 1516 immodicae
695 1496 701 1512 :
713 1486 743 1514 St

162 1535 200 1556 eo
210 1526 366 1560 impensius
378 1541 385 1554 ‚
403 1531 464 1557 quo
473 1522 584 1549 avidius
595 1536 604 1549 ,
623 1526 658 1546 ex
668 1518 746 1545 inso-

160 1560 252 1588 lentia
273 1560 304 1585 in
324 1563 371 1584 eas
387 1556 415 1583 se
433 1552 599 1582 merserant.
626 1552 747 1577 Somnus

163 1592 255 1620 enirn,
267 1591 296 1618 ὃς
308 1589 407 1616 vinum
417 1604 425 1616 ‚
435 1588 464 1615 3<
473 1586 564 1619 epulae
574 1601 583 1615 ‚
603 1583 633 1611 St
644 1583 747 1611 scorta,

164 1620 403 1662 balineaque‚·&
415 1620 519 1647 otium,
537 1614 749 1644 consuetudine

165 1656 264 1683 indies
272 1653 458 1680 blandius,ita
468 1651 676 1677 enervaverunt
687 1653 748 1673 cor-

165 1694 239 1721 pora
263 1684 432 1716 animosque
442 1700 450 1710 ,
477 1687 511 1709 ut
538 1680 626 1711 magis
643 1678 748 1713 deinde

167 1718 324 1752 praeteritae
332 1722 381 1742 eos
398 1715 524 1742 vistoriae
534 1718 618 1745 quarn
629 1710 747 1742 praeien-

167 1756 213 1778 tes
239 1753 407 1776 tutarentur
433 1747 524 1772 vires:
551 1742 699 1775 majusque
716 1742 746 1768 id

163 1788 311 1817 peecatum
331 1781 411 1807 ducis
429 1778 504 1810 apud
523 1776 630 1810 peritos
639 1774 747 1801 artium

167 1813 341 1842 militarium
362 1812 534 1837 haberetur,
553 1814 639 1840 quam
667 1805 748 1838 quod

165 1852 230 1873 non
255 1851 292 1872 ex
319 1842 460 1870 Cannensi
476 1841 536 1868 acie
554 1839 689 1870 protinus
713 1838 750 1863 ad

166 1878 266 1906 urbem
287 1878 447 1903 Romanam
458 1872 592 1900 duxlflet.
610 1870 661 1897 illa
670 1869 748 1896 enim

166 1909 315 1937 cunstatio
326 1925 334 1937 ‚
353 1905 493 1934 distulisse
503 1905 590 1930 modo
601 1902 749 1929 victoriam

166 1941 261 1969 videri
271 1940 369 1974 potuit
381 1945 390 1969 ς
400 1939 447 1964 hic
455 1943 536 1964 error
548 1935 621 1962 vires
631 1931 752 1961 ademis-

169 1973 199 2000 ἢ
220 1973 256 2000 ad
276 1971 461 1999 vincendum.
479 1969 597 1999 Itaque,
618 1964 748 2004 percule,

165 2005 249 2033 velut
267 2004 290 2030 sl
309 2010 373 2030 cum
392 2002 451 2028 alio
469 2000 598 2026 exercitu
617 2005 631 2023 a
653 1999 751 2028 Capua

170 2038 266 2064 exiret
277 2052 285 2066 ‚
307 2034 382 2061 nihil
401 2032 519 2065 usquam
531 2030 656 2063 pristinae
665 2027 750 2055 disci—

169 2067 260 2101 pllnae
279 2066 385 2093 tenuit.
405 2071 469 2091 nam
487 2063 677 2090 &redierunt
691 2061 750 2091 ple-

165 2101 193 2127 ri
216 2105 252 2128 ue
262 2098 411 2125 scortislm
433 2096 514 2123 liciti.
527 2096 555 2121 ὅ(
565 2094 617 2121 ubi
628 2094 751 2124 primum

168 2131 189 2158 s
241 2130 365 2165 pellibus
382 2129 419 2155 ha
438 2129 478 2154 eri
497 2127 584 2159 coepti
596 2124 662 2152 sunt
675 2126 750 2152 ‚via-

195 2170 231 2191 ue
249 2163 278 2191 &
295 2162 369 2188 alius
386 2160 519 2187 militaris
529 2158 609 2184 labor
619 2156 728 2190 excepit
742 2172 750 2183 ‚

173 2200 187 2223 t
202 2201 308 2222 ronum
326 2193 413 2219 modo
425 2208 432 2221 ‚
451 2191 621 2219 corporibus
637 2186 750 2213 animis-

172 2233 231 2259 que
240 2225 429 2252 deficiebant:
451 2223 480 2249 Sc
491 2222 595 2249 dclnde
605 2226 653 2253 per
663 2226 750 2246 omne

172 2258 336 2285 aestivorum
356 2261 466 2282 ternpus
495 2260 593 2286 magna
612 2258 674 2282 pars
691 2251 751 2277 fine

170 2288 377 2317 commeatibus
393 2287 428 2313 ab
437 2286 522 2319 signis
531 2284 729 2312 dilabebantur
743 2291 747 2308 .-

172 2321 339 2359 nequealiae
348 2320 475 2348 latebrae,
485 2324 570 2352 quam
579 2318 687 2350 Capua,
701 2314 749 2342 de·

173 2352 331 2383 tertoribus
345 2356 443 2381 eraut·

604 70 651 106 Τ.
695 69 894 104 Lrvrr

801 114 873 146 cap.
891 111 918 137 X
927 109 942 137 1
951 107 989 135 X.
1013 106 1178 136 ceterum.
1196 103 1350 134 mitescent·-

766 152 794 174 te
802 146 862 178 jam
873 143 966 170 hieme
976 158 985 171 .
995 140 1100 169 educto
1108 144 1145 166 ex
1154 137 1285 165 hibernis
1295 138 1352 164 ml-

769 180 832 208 lite,
844 175 1003 203 Casilinum
1013 172 1100 199 redit.
1115 170 1167 198 ‘ubi
1175 175 1348 203 quamquam

767 211 800 239 ab
819 207 1033 243 oppugnatione
1043 202 1175 231 cenatum
1183 207 1245 229 etat
1253 219 1262 232 ‚
1273 200 1351 228 obii-

769 244 821 271 dio
855 246 950 279 tamen
985 237 1156 265 continuata
1188 233 1350 267 oppidanos

769 269 1059 334 ξὲἷὲξὲξὲἳςὲἰίῧῗε
1071 298 1212 339 Romanis
1219 297 1350 324 Tl.sem-
1358 308 1365 312 -

770 343 890 372 promus
901 337 1019 368 praeerat
1029 339 1038 364 3
1059 332 1200 359 dictatore
1209 328 1350 362 aulpicio-

1074 268 1210 295 ultimum
1244 264 1351 298 inopia:

772 378 834 398 rum
859 366 1080 401 repetendorum
1107 362 1197 391 causta
1216 359 1369 393 profecto-A

775 405 908 431 Romam.
937 396 1107 425 Marcellum
1134 395 1164 423 ὃ(
1191 391 1283 425 ipsum
1301 399 1349 420 cu-

772 435 899 468 pientem
919 430 999 458 ferre
1016 428 1155 456 auxilium
1165 424 1297 454 obsessis,
1318 425 1350 452 ὃς

773 468 940 493 Vulturnus
956 461 1047 489 amnis
1064 460 1184 486 inflatus
1201 457 1302 490 aquis,
1319 455 1352 484 Se

774 504 868 532 preces
882 495 1067 522 Nolanorum
1084 496 1171 524 atque
1191 491 1353 516 Acerrano-

773 537 857 559 rum,
881 526 1037 555 tenebant·‚
1058 525 1219 555 Campanos
1245 521 1353 547 tlmen-

770 564 864 590 tium,
889 560 911 585 fi
931 557 1094 591 praesidium
1111 556 1274 591 Romanum
1293 550 1356 577 abs-

771 593 906 622 cessiss'et‚
932 589 1079 617 Gracchus
1094 587 1214 613 allidens
1239 588 1354 611 tantum

774 626 904 653 Casilino
913 640 921 653 ,
940 622 1009 654 quia
1020 619 1184 653 praedistum
1193 621 1254 643 erat
1264 615 1355 643 dista-

776 660 848 685 toris
860 673 869 686 ,
885 661 922 682 ne
949 654 1002 680 uid
1013 650 1128 679 absente
1137 657 1171 677 eo
1181 650 1223 676 rel
1232 651 1355 680 gereret.

774 690 849 716 nihil
859 693 939 714 move
959 691 989 712 at
1002 694 1009 711 :
1031 688 1200 716 quamquam
1212 686 1275 713 quae
1287 679 1356 706 sacl-

773 723 800 750 1e
811 726 924 748 ornnem
934 716 1103 749 patientiam
1112 715 1269 741 vincerent,
1279 716 1357 737 nun-

772 754 921 782 ciabantur
930 750 946 777 'a
956 748 1096 775 calilino.
1112 752 1178 773 nam
1188 744 1218 773 &
1228 742 1358 775 praecipl-
1369 756 1372 759 -

781 785 846 812 taffe
864 783 891 809 se
911 780 1047 814 quosdam
1065 784 1125 805 non
1147 778 1304 805 tolerantes
1313 774 1357 801 fa-

781 824 865 845 mem,
874 814 1020 842 constabat
1032 821 1039 837 ε
1061 811 1091 839 8(
1109 810 1182 836 stare
1192 809 1313 834 inermes
1323 807 1356 833 in

779 849 869 875 muris
881 864 890 876 ,
899 846 976 873 nuda
986 849 1107 876 corpora
1114 841 1150 868 ad
1159 839 1306 867 missilium
1315 844 1359 865 te-

779 882 875 908 lorum
896 878 969 905 ictus
989 875 1155 909 praebentes.
1174 872 1217 898 Ea
1226 877 1298 903 aegre
1309 876 1358 902 pa-

780 914 857 940 tiens
864 909 1020 938 Gracchus3
1031 913 1121 939 quum
1132 909 1225 936 neque
1234 907 1359 936 pugnam

780 944 930 972 conserere
946 939 1094 968 distatoris
1114 936 1220 967 injussu
1228 934 1361 965 anderen
1375 950 1380 957 .

782 975 980 1009 (pugnandum
991 976 1087 998 autem
1096 965 1182 997 essem
1194 967 1287 997 palam
1297 965 1362 992 fru-

784 1012 913 1035 mentum
926 1006 1096 1037 importaret
1105 1017 1113 1029 ,
1131 1000 1245 1027 videbat
1256 1004 1264 1029 ς
1277 998 1287 1029 )
1309 1003 1362 1024 ne·

783 1047 839 1073 que
849 1040 921 1067 clam
942 1033 1118 1068 importandi
1127 1032 1189 1064 spes
1197 1030 1283 1060 eflet3
1303 1028 1364 1055 far-

785 1079 816 1099 re
827 1089 835 1100 ‚
856 1077 890 1097 ex
901 1070 976 1102 agris
992 1067 1068 1094 cira
1075 1065 1205 1096 undique
1215 1061 1362 1092 convecto.
1413 1064 1414 1081 1

785 1110 877 1136 quum
903 1100 1053 1131 complura
1076 1097 1156 1124 dolia
1179 1101 1242 1123 com
1258 1092 1363 1130 ιῙεῐΐετ,
1380 1113 1383 1115 Α

785 1136 924 1162 nuncium
940 1132 977 1159 ad
997 1130 1189 1162 magistratum
1201 1127 1243 1152 Ca
1256 1125 1362 1152 llinum

786 1168 881 1196 misit,
897 1170 932 1191 ut
949 1164 1115 1195 exciperent
1132 1159 1212 1187 dolia
1223 1175 1232 1188 ‚
1271 1164 1314 1184 uae
1332 1163 1364 1183 a·

787 1200 863 1226 mnis
875 1196 1014 1224 deferret.
1029 1191 1197 1225 Insequenti
1217 1196 1236 1216 n
1272 1189 1300 1216 te
1319 1189 1365 1215 in·
1382 1203 1385 1205 Δ

787 1231 878 1259 tentis
887 1228 1018 1255 omnibus
1028 1226 1060 1252 in
1070 1225 1189 1252 flumen,
1199 1228 1230 1248 ac
1239 1220 1315 1253 spem
1327 1220 1362 1246 ab

787 1263 897 1290 nuncio
909 1263 1042 1287 Romano
1050 1256 1151 1284 factam
1162 1271 1171 1285 ‚
1181 1254 1260 1281 dolia
1269 1252 1366 1279 medio

787 1295 865 1322 misia
883 1292 962 1319 amni
987 1290 1194 1318 defluxerunt:
1215 1294 1237 1311 τε
1259 1285 1367 1312 ualiter

790 1328 867 1354 inter
876 1329 975 1352 omnes
992 1322 1170 1349 frumentum
1180 1318 1240 1345 divi
1254 1323 1313 1343 um.
1328 1315 1365 1343 ld

787 1360 901 1393 postero
919 1361 1036 1388 quoque
1052 1354 1100 1381 die
1114 1358 1147 1378 ac
1161 1351 1250 1377 tertio
1259 1348 1366 1375 factum

789 1391 839 1417 est.
866 1388 951 1415 noste
966 1387 996 1414 St
1017 1385 1207 1413 mittebantur
1223 1382 1253 1410 δε
1271 1386 1370 1415 perve-

791 1423 908 1449 niebant
921 1428 928 1447 :
945 1426 980 1447 eo
989 1417 1133 1446 custodias
1149 1414 1276 1441 hostiurn
1286 1412 1371 1439 falle-

791 1456 872 1481 bant.
887 1451 1031 1479 Imbribus
1048 1449 1154 1477 deinde
1171 1445 1318 1473 continuis
1328 1445 1374 1472 ci-

793 1487 881 1514 tatior
890 1484 978 1511 solito
993 1482 1085 1509 amnis
1095 1496 1105 1510 ‚
1121 1476 1283 1507 transverso
1302 1482 1370 1503 vor·

792 1519 850 1546 tice
866 1517 948 1544 dolia
970 1513 1088 1547 impulit
1114 1512 1151 1539 ad
1169 1511 1260 1543 ripam
1300 1514 1368 1535 uam

794 1550 887 1577 hostes
902 1547 1063 1575 servabant.
1080 1543 1120 1571 lbi
1138 1541 1276 1569 haerentia
1305 1545 1371 1567 nter

793 1582 899 1620 obnata
920 1579 991 1613 ripis
1018 1575 1115 1615 salicta
1131 1573 1205 1613 cons
1219 1573 1369 1601 iciuntur=
1387 1582 1389 1584 ·

795 1604 1373 1673 32²”assaffiazssaalz¹¹auzss‘nff⁶¹3;
1388 1647 1392 1650 .

796 1677 869 1710 quid
896 1675 1010 1703 falleret
1034 1672 1185 1699 Vulturno
1211 1668 1248 1695 ad
1271 1667 1373 1694 urbem

799 1709 921 1736 missum.
939 1708 1034 1734 Nuces
1059 1709 1154 1732 tamen
1172 1700 1241 1728 fusae
1256 1700 1292 1726 ab
1311 1700 1374 1726 Ro-

796 1742 884 1767 manis
901 1739 1015 1766 castris,
1032 1742 1122 1768 quum
1139 1734 1235 1761 medio
1249 1732 1326 1758 amni
1336 1730 1374 1758 ad

798 1772 958 1799 calilinum
973 1769 1136 1797 defluerent
1144 1782 1152 1795 ‚
1164 1764 1289 1793 cratibus
1297 1763 1375 1790 exci-

798 1806 962 1843 piebantur.
990 1801 1134 1827 Postremo
1152 1797 1187 1824 ad
1205 1797 1236 1824 id
1254 1800 1376 1822 ventum

798 1836 903 1868 mopiae
935 1834 974 1861 est
995 1849 1004 1863 ‚
1030 1837 1063 1859 ut
1088 1830 1152 1857 lora
1180 1827 1377 1858 detractasque

798 1869 887 1896 scutis
895 1867 1001 1901 pelles,
1020 1864 1069 1891 ubl
1090 1860 1202 1889 fervida
1221 1859 1377 1886 mollissent

801 1907 885 1930 aqua,
896 1898 1029 1925 mandere
1039 1898 1214 1922 conarentur
1224 1907 1231 1920 ,
1251 1898 1303 1917 nec
1313 1897 1377 1916 mn-

798 1933 877 1959 ribus
887 1931 982 1957 aliove
999 1927 1118 1955 animali
1133 1924 1309 1951 abstinerent
1319 1938 1328 1950 .
1345 1922 1376 1949 δε

802 1970 887 1991 omne
912 1961 1061 1988 herbarum
1087 1957 1272 1987 radicumque
1288 1958 1380 1987 genus

799 1994 949 2029 aggeribus
967 1991 1076 2019 infimis
1094 1989 1170 2015 muri
1181 1991 1314 2013 eruerent
1327 1985 1376 2016 3&

800 2033 890 2059 quum
918 2025 1010 2052 hostes
1037 2019 1197 2049 obarassent
1235 2017 1380 2051 quidquid

802 2058 915 2085 herbidi
933 2055 1040 2084 terreni
1063 2058 1145 2079 extra
1164 2057 1277 2077 murum
1295 2054 1355 2076 erat
1368 2065 1378 2078 .

800 2096 934 2121 raporum
955 2089 1046 2114 semen
1067 2086 1248 2116 injecerunt,
1265 2086 1298 2107 ut
1320 2082 1383 2106 An-

802 2123 899 2151 nibal,
917 2120 994 2147 Eone
1015 2114 1103 2150 usque
1123 2116 1190 2141 dum
1209 2120 1243 2140 ea
1259 2110 1388 2146 naseam-⁴

802 2159 852 2181 tur
863 2171 870 2182 ‚
880 2152 919 2178 ad
929 2150 1087 2184 Casilinum
1093 2143 1291 2181 seffurussum
1303 2162 1310 2174 ,
1331 2149 1381 2170 ex-

802 2187 956 2213 clamaret:
982 2183 1010 2210 &
1032 2182 1082 2213 qui
1101 2179 1209 2206 nullam
1231 2183 1315 2204 antea
1353 2182 1384 2202 a·

803 2218 928 2244 {tionem
947 2208 1241 2241 auribusadmiserat‚
1261 2214 1323 2236 tum
1333 2182 1382 2234 ge-

806 2256 883 2275 mum
899 2248 945 2277 aei
964 2245 1057 2272 secum
1066 2243 1105 2270 est
1115 2242 1204 2273 passus
1221 2241 1258 2267 de
1273 2240 1384 2266 redem-

804 2282 905 2314 ptione
924 2278 1080 2305 liberorum
1099 2274 1236 2307 capitum.
1258 2273 1382 2302 septun-

805 2320 850 2339 ces
869 2311 931 2339 auri
949 2311 980 2336 in
999 2307 1127 2340 singulos
1166 2305 1269 2331 retium
1279 2308 1384 2329 conve-

805 2346 863 2374 nit.
882 2343 956 2373 Fide
963 2345 1096 2374 accepta.
1113 2336 1132 2367 s
1156 2336 1387 2394 “ndidefiusste}
