1414 2655
464 105 683 140 Linea
736 101 786 137 X.

24 156 96 188 fia:
115 153 147 184 δε
165 153 271 182 bellum
293 150 395 184 ingens
411 150 597 182 victoriaque,

44 194 160 217 uantam
170 188 206 215 de
217 185 390 213 samnitibus
398 188 482 209 nemo
489 182 524 209 ad
537 188 597 208 cam

21 197 102 249 aiem
121 235 130 249 ‚
152 224 255 252 praeter
275 217 311 243 L.
327 215 471 246 Papirium
489 218 598 246 patrem

21 252 153 281 consulis
169 252 332 284 pepererat,
348 247 378 274 δι
398 245 477 272 forte
498 245 598 271 eodem

21 289 131 312 conatu
147 285 336 316 apparatuque
353 277 432 305 omni
451 276 602 310 opulentia

24 316 181 348 infignium
199 317 344 339 armorum
363 327 371 340 ‚
389 309 495 336 bellum
516 308 601 346 ador-

22 351 162 375 navemnt
173 352 181 372 ε
196 344 226 370 st
236 345 362 370 Deorum
372 342 458 367 etiam
467 339 604 376 adhibue-

24 384 91 406 rant
102 383 168 410 opes
175 377 234 402 ritu
244 375 369 408 quodam
376 372 548 410 sacramenti
558 376 604 396 ve-

24 411 103 437 tusto
120 408 200 435 velut
211 406 334 434 Initiatis
346 403 508 434 militibu53
525 403 603 428 dele-

26 442 76 468 ctu
96 447 145 474 per
164 445 250 465 omne
267 436 410 463 samnium
420 435 517 461 habito
528 439 603 459 nova

26 474 112 506 lege:
128 477 162 498 ut
181 471 231 502 qui
251 468 401 501 juniorum
418 473 478 492 non
498 471 601 492 conve-

26 505 112 533 niffet
122 504 158 530 ad
168 501 381 536 imperatorium
391 498 528 525 edictum,
534 498 603 535 flui-

26 543 84 569 que
103 533 212 566 iniussu
229 532 324 559 abisset
346 547 355 560 ‚
371 535 456 562 caput
476 531 543 562 Jovi
561 531 603 567 ia-

24 572 139 596 eratum
155 566 229 592 esset.
255 566 330 590 Tum
350 563 493 589 exercitus
510 567 604 587 omnis

26 597 220 631 Aquiloniam
239 595 421 622 estindicius.
437 594 472 620 ad
482 593 604 630 quadra-

48 632 110 658 'nta
128 629 219 656 millia
239 628 364 654 militum
376 642 384 655 ‚
401 625 481 658 quod
491 625 604 662 roboris

42 669 63 689 n
82 662 195 689 Samnio
213 664 274 686 emt
293 675 302 689 ,
326 662 535 685 convenerunt.
560 655 605 682 Ibi

28 695 130 722 mediis
147 692 209 719 fere
225 691 320 718 castris
340 691 420 717 locus
438 689 477 715 est
487 686 604 719 conspe-

32 727 96 754 εἰπε
106 741 115 755 ,
129 724 267 752 cratibus,
288 721 458 754 pluteisque,
466 719 608 746 &linteis

29 756 198 787 comestum
216 760 315 788 patens
334 754 472 780 ducentos
484 751 604 788 maxime

32 790 117 820 pedes
127 789 158 814 in
170 793 265 814 omnes
275 785 381 818 pariter
391 788 497 818 partes2
515 783 560 808 lbi
569 789 605 808 ex

29 821 108 848 libro
117 824 208 845 vetere
218 819 311 845 linteo
322 817 396 843 lesto
406 815 604 843 sacrificatum,

31 851 176 880 sacerdote
195 850 269 876 ovio
280 849 378 876 Paccio
390 847 514 880 quodam
525 861 534 874 ,
551 846 603 871 ho-

33 884 112 910 mine
128 888 230 908 maeno
239 886 309 907 natu
322 897 330 909 ‚
347 879 438 912 quise
450 879 480 905 id
494 878 604 904 sacrum

31 919 128 949 petere
143 902 298 940 affirmabat
315 918 350 938 ex
370 911 479 937 vetusta
497 909 606 935 Samni-

35 947 108 974 tium
119 945 264 977 religione:
276 951 332 976 qua
343 943 486 976 quondam
497 941 539 966 ufi
550 947 605 966 ma-

32 984 78 1006 res
97 983 194 1012 eorum
212 975 348 1004 fument,
373 981 461 1006 quum
481 973 607 999 adimen-

35 1010 79 1038 dae
96 1007 221 1036 Etrulcis
234 1009 337 1039 Capuae
348 1005 553 1040 clandestinum
563 1010 608 1030 cc-

35 1040 137 1074 piffent
156 1040 316 1067 confilium.
354 1037 496 1064 sacrificio
516 1035 608 1072 perfe-

34 1073 100 1102 ero,
120 1079 169 1106 per
189 1072 328 1098 viatorem
346 1070 500 1103 imperator
520 1067 608 1094 acciri

33 1103 150 1136 lubebat
176 1103 381 1130 nobilissimum
400 1105 541 1138 quemque
559 1105 608 1131 ge-

33 1141 102 1163 nere
123 1134 271 1166 factisque.
310 1133 416 1166 fingulx
442 1131 608 1158 introduce-

34 1166 149 1195 bantur.
176 1168 249 1193 Erat
267 1172 356 1198 quum
372 1165 447 1191 alius
455 1167 609 1196 apparatus

29 1196 103 1226 sacti
115 1215 125 1230 ,
137 1199 188 1232 qui
206 1198 377 1232 perfundere
395 1195 538 1234 religione
547 1195 609 1232 ani:

33 1237 112 1257 mum
150 1230 236 1258 offer:
254 1235 315 1256 rum
328 1229 357 1255 in
369 1228 435 1254 loco
444 1233 519 1253 Circa
529 1232 608 1252 omni

33 1267 106 1290 cont
150 1269 167 1288 o
185 1268 240 1288 arae
257 1262 288 1287 in
300 1261 396 1287 medio
407 1276 415 1287 ‚
434 1259 609 1289 vistimaeque

35 1293 110 1321 εἶτα
129 1293 220 1323 oreste,
237 1293 267 1320 Sc
284 1292 496 1319 circumstantes
506 1295 607 1316 centu-

35 1324 132 1352 riones
150 1325 251 1352 stn‘stis
259 1324 372 1358 gladiis.
393 1322 608 1349 Admovebarur

34 1356 158 1384 alaribus
180 1357 262 1384 miles
280 1372 289 1385 ,
314 1356 401 1388 magis
426 1359 461 1380 ut
478 1353 608 1382 victima,

33 1394 119 1422 quam
129 1393 162 1415 ut
171 1386 239 1415 {acri
250 1388 388 1420 particeps
401 1394 407 1412 :
423 1386 606 1417 adigebatur-

35 1426 93 1453 que
112 1420 298 1458 jurejurando
309 1436 325 1454 ‚‚
336 1426 399 1451 quae
418 1417 476 1444 visa
495 1417 608 1443 audita-

35 1457 92 1484 que
111 1458 142 1478 m
162 1458 197 1478 eo
206 1451 271 1478 loco
281 1450 386 1479 efflent,
403 1456 464 1475 non
474 1449 608 1475 enuncia-

30 1486 142 1510 turum.
169 1484 243 1510 Dein
263 1483 359 1514 jurare
377 1481 531 1514 cogebatur
542 1481 608 1507 diro

33 1515 157 1547 quodam
169 1515 292 1542 carmine
304 1514 334 1540 in
345 1514 553 1539 execrationem
564 1518 609 1538 ca-

33 1546 104 1578 pitis
116 1546 287 1578 familiaeque
295 1546 324 1572 St
333 1545 427 1578 stirpis
438 1544 605 1576 composito,

32 1578 90 1604 nifi
109 1578 170 1605 isset
181 1579 211 1604 in
222 1578 350 1609 praelium
361 1594 369 1606 ,
387 1583 446 1609 quo
458 1576 609 1608 imperato-

32 1615 80 1636 res
99 1609 261 1637 duxiflent:
276 1609 307 1636 &
325 1609 346 1634 ii
366 1615 416 1634 aur
436 1607 493 1646 ipse
504 1613 539 1633 ex
552 1607 610 1633 acie

33 1640 151 1673 fugiffiet
162 1656 170 1670 ‚
187 1646 236 1668 aut
257 1641 279 1667 fl
296 1647 379 1672 quem
401 1639 557 1672 fugientem
568 1640 610 1665 vi·

31 1672 184 1704 dissetmon
195 1673 339 1704 extemplo
353 1671 543 1708 occidiffetJd
554 1671 611 1702 pri-

35 1711 84 1731 mo
106 1705 224 1737 quidam
241 1705 395 1730 abnuentes
427 1708 560 1730 uraturos
571 1702 610 1731 se,

33 1736 198 1763 obtruncati
209 1737 281 1762 circa
291 1736 391 1762 altaria
413 1740 467 1763 unt
488 1735 612 1766 jacentes

32 1768 139 1794 deinde
165 1769 241 1795 inter
267 1769 384 1800 stragem
412 1766 590 1793 vidiimarum
601 1781 611 1794 ‚

32 1799 209 1827 documento
218 1800 326 1826 caeteris
343 1799 422 1824 fuere
433 1815 441 1826 ,
460 1805 496 1824 ne
506 1798 611 1823 abnue-

33 1837 86 1857 ten
91 1837 112 1858 t.
132 1831 304 1857 Primoribus
313 1831 482 1856 samnitium
492 1836 524 1855 ea
535 1830 612 1855 dcte·

33 1861 155 1890 ssatione
165 1863 305 1890 obstrictis
313 1878 321 1890 ,
346 1862 441 1888 decem
451 1861 611 1887 nominatis

32 1893 70 1923 ab
79 1895 249 1927 imperatore
259 1912 267 1925 ,
289 1894 329 1920 eis
339 1893 457 1922 distum,
469 1898 504 1919 ut
519 1893 561 1918 vir
571 1893 611 1918 vi-

31 1932 96 1953 rum
114 1927 242 1958 legerent
253 1942 261 1956 ‚
278 1925 373 1952 donec
395 1925 534 1951 sexdecim
545 1924 612 1950 mil·

32 1956 106 1986 lium
127 1964 276 1984 numerum
295 1956 498 1983 confecissent:
517 1962 549 1982 ea
571 1956 612 1981 le-

34 1988 83 2022 gio
99 1989 221 2016 linteata
239 1989 273 2014 ab
293 1989 493 2016 integumento
514 1987 610 2014 conse—

79 2037 88 2050 ,
97 2027 154 2053 quo
164 2019 270 2047 sacrata
281 2021 417 2046 nobilitas
429 2025 500 2048 erar,
515 2019 611 2051 appel-

77 2059 93 2079 a
109 2052 159 2079 est.
186 2053 239 2079 His
259 2058 335 2078 arma
346 2052 467 2083 iniignia
477 2052 542 2077 data
557 2066 565 2079 ‚
578 2050 609 2077 ὅ(

34 2083 151 2111 cristatae
159 2085 245 2117 galeae
257 2101 265 2113 ,
283 2089 317 2110 ut
328 2085 404 2110 inter
416 2088 532 2109 caeteros
542 2082 610 2107 emi-

36 2119 148 2142 nerent.
173 2116 260 2148 paulo
279 2116 343 2148 plus
362 2115 467 2146 viginti
486 2113 611 2139 millium

33 2145 107 2178 allus
124 2149 264 2174 exercitus
283 2147 342 2173 fuit
354 2162 362 2175 ‚
383 2152 434 2172 nec
453 2151 608 2178 corporum

36 2176 125 2209 specle
134 2195 142 2208 ,
160 2185 212 2205 nec
221 2179 312 2211 gloria
324 2178 399 2207 belli,
410 2183 461 2203 nec
471 2182 609 2209 apparatu

34 2207 160 2238 lintmtae
168 2211 276 2244 legioni
285 2209 389 2242 dispar.
402 2209 447 2235 hic
457 2209 608 2234 hominum

35 2245 171 2269 numerus
180 2242 257 2273 quod
269 2242 379 2268 roboris
390 2246 460 2270 erat,
471 2240 507 2266 ad
517 2240 611 2272 Aqui-

35 2270 290 2300 lonlamconsedit.

71 2304 140 2335 cap.
160 2305 184 2329 x
195 2305 220 2329 X
232 2306 257 2330 X
266 2306 280 2331 1
292 2305 328 2330 Χ.
354 2302 494 2330 Consules
512 2301 609 2334 profe-

32 2327 117 2360 &lab
127 2335 212 2362 urbe:
231 2337 311 2368 prior
324 2337 369 2368 Sp.
381 2335 524 2361 carvilius
534 2351 543 2363 ‚
562 2335 611 2361 cui

35 2370 143 2397 veteres
151 2367 288 2402 legiones,
299 2373 368 2401 quas
377 2367 421 2396 M.
433 2366 555 2396 Attiiius
565 2365 612 2398 su-

646 147 768 181 perioris
795 145 865 173 anni
884 143 983 173 comui
1004 143 1036 172 in
1048 148 1119 176 agro
1129 108 1227 172 Ing?-

645 179 753 207 amnati
781 179 956 211 reliquerat,
982 177 1102 204 decretae
1120 182 1224 205 erant,

646 218 711 238 cum
723 210 762 237 eis
775 211 807 237 in
819 210 963 236 Samnium
994 208 1117 235 rofestus
1128 223 1137 236 ,
1153 208 1224 234 dum

645 243 739 269 hostes
759 242 871 274 operati
890 240 971 273 super
998 240 1140 267 itionibus
1156 245 1227 266 con-

645 275 713 301 cilia
730 274 836 301 secreta
853 278 961 306 agunt,
980 271 1164 299 Amiternum
1174 278 1228 301 op-

647 306 748 337 pidum
765 305 801 331 de
818 305 991 331 samnitibus
1009 304 1037 330 vi
1047 303 1134 336 cepit.
1152 301 1229 328 casa

649 338 690 364 ibi
710 337 803 363 millia
813 337 962 363 hominum
971 336 1031 362 duo
1043 335 1131 361 ferme
1140 339 1169 361 at
1191 339 1230 360 ue

648 368 826 400 octingenti:
843 373 925 400 capta
934 372 1059 398 quatuor
1073 366 1165 393 millia
1196 372 1233 392 u-

650 401 728 427 centi
739 399 928 433 septuaginta.
942 399 1072 430 Papirius
1090 405 1167 424 novo
1177 403 1227 423 ex-

654 433 748 459 ercitu
783 432 844 463 (ita
879 431 1025 457 decretum
1052 430 1133 461 erat)
1159 427 1230 455 scri-

648 469 701 497 pto
713 479 722 492 ‚
739 463 898 489 Duroniam
916 462 1015 488 urbem
1032 461 1223 494 expugnavit·-

653 496 749 521 minus
766 501 850 527 quam
860 494 969 526 collega
980 493 1054 525 cepit
1064 494 1229 523 hominum,

667 527 714 553 lus
731 527 882 558 aliquanto
906 525 1023 552 occidit.
1044 525 1136 557 praeda
1155 531 1230 556 opu-

648 536 727 585 fenta
746 558 901 590 utrobique
918 557 957 583 est
977 561 1066 588 parta.
1084 556 1231 588 Indeper-

648 590 741 624 vagati
761 591 904 616 Samnium
922 587 1054 615 consules
1072 605 1081 618 ,
1106 588 1231 614 maxime

654 622 829 654 depopulato
849 622 969 648 Atinate
977 625 1067 658 agro;
1085 619 1231 646 Carvilius

647 655 682 680 ad
704 653 892 688 Cominium„
909 652 1041 685 Papirius
1059 651 1094 678 ad
1105 652 1234 689 Aquilo-

649 686 728 712 niam
755 685 834 717 (ubi
858 688 967 712 iumma
993 684 1036 710 rei
1060 683 1233 709 Samnitium

649 717 730 747 erat)
762 717 903 749 pervenit.
932 715 973 741 ibi
990 715 1161 748 aliquandiu
1180 720 1235 742 nec

650 748 780 775 cessatum
799 749 834 775 ab
854 747 940 774 armis
952 746 991 773 est
1005 763 1013 775 ‚
1035 752 1129 779 neque
1138 747 1233 778 gravi-

651 786 695 807 ter
733 786 872 813 ugnatum
891 785 900 811 3
918 777 1075 805 lacessendo
1096 779 1231 811 quietos.

650 812 703 838 resi
717 813 844 839 tentibus
867 811 996 838 cedendo
1017 818 1023 836 :
1053 810 1232 837 comminan-

651 844 745 876 doque
754 845 842 877 magis
850 849 933 874 quarn
942 841 1096 869 inferendo
1108 847 1233 873 pugnam

650 876 711 902 dies
729 876 928 902 absumebatur
949 881 958 906 ς
976 874 1056 906 quod
1077 880 1164 905 quum
1183 873 1233 899 in-

649 908 791 938 ciperetur
803 924 811 935 2
827 907 1088 938 ren-litteramque,
1100 905 1231 931 omniurn

651 945 748 965 rerum
771 940 857 966 etiam
876 945 1025 971 parvarum
1035 942 1153 963 eventus
1162 943 1232 965 pro-

651 969 795 996 ferebatur
818 971 849 996 in
871 971 941 997 dies.
978 969 1081 996 Altera
1100 970 1232 995 Romana

652 1002 738 1028 castra
751 1002 855 1035 viginti
864 1001 988 1028 millium
997 1001 1091 1032 spacio
1099 1000 1230 1027 aberant:

654 1033 684 1060 δε
702 1033 825 1060 absentis
843 1034 958 1066 collegae
969 1033 1087 1060 consilia
1096 1032 1232 1059 omnibus

651 1066 782 1098 gerendis
794 1066 951 1092 intererant
962 1065 1055 1091 rebus.
1074 1064 1232 1090 intentior-

653 1103 709 1128 que
728 1098 872 1124 Carvilius
889 1113 898 1126 ,
925 1103 985 1128 quo
1005 1096 1113 1126 majore
1132 1095 1235 1122 discri-

654 1129 733 1155 mine
742 1136 786 1156 rcs
795 1129 957 1156 vertebatur
966 1145 974 1157 ,
991 1128 1021 1155 in
1032 1127 1233 1160 Aquiloniam,

652 1167 738 1192 quam
756 1161 792 1188 ad
813 1160 978 1187 Cominium
998 1176 1007 1188 ,
1024 1161 1103 1192 quod
1123 1158 1236 1186 obfide·

653 1192 701 1218 bat
719 1208 728 1221 .
747 1198 818 1219 erat.
846 1193 882 1218 L.
904 1192 1035 1223 Papirius
1055 1192 1112 1222 jam
1130 1198 1182 1223 per
1202 1197 1238 1218 o-

654 1225 732 1250 mnia
747 1225 783 1251 ad
802 1224 996 1251 dimicandum
1014 1222 1080 1250 satis
1099 1228 1214 1257 paratus
1226 1239 1237 1252 ,

652 1256 791 1282 nuncium
812 1257 847 1284 ad
858 1256 994 1285 collegam
1006 1255 1098 1282 mittit
1111 1254 1186 1288 3stb1'
1199 1255 1235 1281 irz

652 1287 749 1313 animo
769 1284 836 1320 effe,
856 1292 888 1320 po
912 1289 955 1312 etv
966 1285 1235 1323 die,fipera11spi-

653 1319 697 1344 cia
708 1319 811 1346 liceret,
822 1324 872 1344 con
898 1319 969 1350 igere
979 1325 1040 1344 cum
1051 1319 1131 1351 hoste.
1152 1318 1228 1352 Opus

652 1346 703 1382 ‘ff’
731 1347 768 1383 (ἐν
794 1351 876 1377 illum
899 1355 1014 1388 quanta
1041 1350 1171 1376 maxima
1195 1350 1233 1376 vi

651 1378 736 1419 poffet
761 1400 769 1411 ‚
796 1383 959 1408 Cor-nimum
983 1387 1014 1415 op
1033 1387 1167 1415 ugnare:
1194 1387 1231 1408 ne

653 1414 726 1439 ama
753 1414 914 1440 laxamenti
949 1419 972 1440 tt
1017 1413 1177 1440 amnitibus
1194 1413 1236 1440 ad

645 1432 777 1479 fiaebfidia
786 1446 818 1472 A
839 1446 979 1471 uilonzam
989 1445 1234 1472 mittenda.Diem

653 1477 688 1503 ad
725 1478 808 1505 rofici
823 1479 943 1505 cendum
970 1479 1092 1504 nuncius
1110 1477 1232 1504 habuit:

653 1485 738 1535 nobee
768 1510 857 1537 rediit
878 1515 885 1540 ;
912 1510 1068 1542 approbare
1093 1509 1235 1541 collegam

652 1541 784 1579 consulta
801 1541 939 1568 referens.
956 1541 1087 1574 Papirius
1099 1558 1107 1572 ,
1123 1540 1234 1567 nuncio

654 1573 737 1599 misso
747 1589 755 1602 ,
771 1579 864 1600 exrem
870 1573 918 1606 plo
929 1574 1097 1600 concionem
1108 1572 1233 1604 habuit;

654 1605 746 1631 mulra
757 1605 791 1632 de
803 1604 936 1631 universo
947 1611 1048 1637 genere
1060 1605 1143 1633 belli,
1160 1604 1235 1631 mul-

654 1640 683 1662 ta
715 1637 750 1663 de
777 1636 908 1669 praesenti
935 1637 1059 1663 hostium
1077 1643 1093 1663 a
1114 1640 1213 1669 paratu
1224 1651 1234 1664 ‚

654 1674 726 1694 vana
755 1669 843 1701 magis
862 1667 881 1693 s
894 1669 952 1694 ecie
971 1675 1055 1701 quarn
1073 1676 1087 1694 e
1123 1668 1182 1694 caci
1199 1667 1237 1694 ad

656 1704 789 1726 eventum
802 1717 809 1729 ‚
827 1701 858 1727 di
880 1701 967 1726 eruit.
998 1701 1066 1726 Non
1085 1700 1160 1726 enim
1181 1699 1238 1725 cri-

648 1731 715 1764 stas
734 1731 857 1757 vulnera
868 1730 958 1762 facere
968 1739 981 1762 ;
998 1731 1035 1763 &⁹
1045 1736 1093 1765 per
1103 1731 1181 1764 piHa
1190 1734 1237 1756 at-

656 1769 709 1796 que
727 1768 834 1789 aurata
843 1762 931 1797 scuta
942 1763 1060 1796 tranfire
1072 1764 1236 1789 Romanum

655 1794 747 1827 pilum
766 1804 775 1821 .·
797 1791 970 1826 &candore
988 1796 1153 1821 tunicarum
1165 1793 1236 1827 flel-

650 1830 762 1859 gentem
781 1832 869 1853 actem
881 1844 889 1856 ,
907 1827 959 1852 ubi
978 1826 1099 1858 resflzrro
1104 1830 1237 1858 geratur,

657 1858 811 1884 cruentari.
841 1859 970 1885 Auream
992 1858 1059 1884 olim
1085 1862 1172 1892 atque
1190 1863 1240 1883 ar-

651 1894 783 1922 genteam
803 1889 979 1916 Samnitium
997 1890 1086 1916 aciem
1104 1895 1123 1916 a
1133 1894 1237 1922 paren.

657 1926 682 1947 re
702 1920 750 1949 suo
772 1922 912 1948 occidione
931 1919 1048 1953 occisam
1071 1930 1078 1947 :
1125 1921 1238 1953 oliaque

657 1959 685 1978 eo
695 1953 849 1988 honestiora
859 1953 968 1980 viHori
983 1953 1015 1978 ho
1040 1954 1061 1982 i,
1092 1959 1158 1978 uam
1170 1952 1234 1985 ipfis

656 1991 737 2009 arma
750 1981 851 2016 juiffe.
873 1984 982 2012 Datum
1021 1991 1052 2010 oc
1064 1960 1168 2018 ἥψω
1186 1989 1238 2009 no-

657 2017 738 2053 mini.
747 2015 929 2049 familiaeque
942 2015 1005 2049 [ιιι
1016 2035 1024 2047 ,
1041 2021 1075 2041 ut
1091 2013 1236 2048 adver-fier

657 2053 799 2073 maximos
818 2052 936 2074 conatus
957 2048 1131 2074 Samnitium
1154 2063 1163 2076 ‚
1188 2053 1202 2071 ο
1222 2059 1236 2067 -

655 2084 824 2112 ponerentur
835 2080 918 2105 duces
928 2096 936 2109 ‚
953 2079 968 2113 s
985 2081 1044 2106 otia
1065 2086 1099 2105 ue
1109 2085 1142 2104 ea
1152 2085 1180 2104 re
1196 2084 1240 2104 er-

657 2114 720 2136 rent
738 2127 746 2140 ,
774 2117 835 2143 quae
864 2111 954 2144 infign
969 2118 988 2136 a
1007 2117 1044 2145 pu
1066 2111 1130 2137 licta·
1150 2111 1238 2136 etiam

656 2142 724 2168 locis
741 2139 909 2169 aecor-anais
927 2141 1022 2177 effem.
1041 2143 1113 2170 Deos
1125 2142 1238 2168 immor-

657 2174 730 2200 tales
749 2175 803 2206 ad<
827 2181 840 2199 e
859 2179 968 2207 propter
986 2175 1071 2202 toties
1106 2174 1177 2200 etita
1181 2172 1239 2206 sce-

657 2206 725 2243 giem
736 2222 743 2235 ,
760 2210 800 2232 tot
816 2211 843 2231 es
863 2211 948 2238 rupta
965 2216 971 2231 .·
992 2211 1054 2231 tum
1084 2215 1094 2232 1
1105 2211 1163 2238 qua
1173 2211 1238 2231 con-

655 2238 766 2269 jectura
785 2236 890 2264 mentis
910 2238 1062 2272 divinaestt
1073 2254 1082 2266 ‚
1098 2237 1239 2264 nuuiun·

656 2275 743 2302 quam
773 2269 910 2294 exercitui
931 2265 1022 2302 ,fuzjffe
1054 2268 1234 2302 infestiores,

657 2305 744 2333 quam
775 2301 828 2334 qui
854 2300 977 2332 nefando
989 2298 1074 2334 sacro
1091 2301 1132 2326 ml
1153 2305 1174 2326 a
1192 2299 1256 2332 hoa„

657 2332 976 2370 mingttnyecuqumque
995 2333 1065 2359 caede
1081 2338 1110 2359 re
1138 2329 1236 2366 ersus.

656 2367 779 2399 ancxpztz
808 2363 899 2394 Deum
923 2371 974 2395 zm
991 2365 1115 2394 aevum
1134 2363 1239 2433 ’shfin‘
