1414 2655
17 173 236 218 'taque'statutt'z
255 187 320 215 quae
337 180 451 215 aliquot
464 138 536 209 {big
547 148 629 209 ’ξε-Ε
644 139 851 210 rss'orgssulum
867 176 983 210 mittere
1000 182 1111 210 statuit.
1128 191 1222 218 neque

17 218 69 245 tio
90 224 104 243 r
140 221 157 242 e
194 215 296 241 timum
316 215 347 240 in
365 214 428 246 ipso
438 215 604 242 discrimine

19 249 109 277 adver
124 254 157 275 us
167 223 324 274 Romulum
336 252 436 279 pugnae
447 251 522 275 vota,
533 253 603 272 con-

21 279 129 308 secrata
154 279 382 312 inaugurataque
414 278 602 316 posteafue-

22 317 102 339 rant.
127 313 207 339 Inter
224 310 365 343 principia
383 310 528 336 condendi
546 310 601 347 bl}-

25 344 72 376 jus
90 343 206 377 operis,
225 341 340 368 moviffe
359 347 466 367 numen
475 341 510 367 ad
523 342 600 368 indt-

1173 153 1215 183 25

644 215 777 248 responsa
794 215 915 242 sortium
930 216 985 242 ulli
1002 216 1054 242 alii
1063 218 1222 244 committe-

643 253 674 272 re
694 246 793 275 auiiis‚
815 247 889 274 duos
907 247 988 274 filios
1005 253 1054 280 per
1065 248 1178 280 ignotas
1190 257 1222 276 ea

642 279 804 311 tempestate
813 284 903 305 terras
915 296 923 305 .
934 280 1082 312 ignotiora
1093 281 1180 306 maria
1189 282 1221 307 in

646 311 785 337 Graeciam
806 310 892 337 milit.
911 310 1036 338 Titus&
1047 314 1145 338 Aruns
1155 319 1223 344 pro-

644 341 722 368 feffl.
740 348 832 368 comes
859 342 903 368 his
922 343 1034 369 additus
1059 343 1096 368 L.
1114 344 1232 376 junius

20 375 139 402 eandam
148 374 222 400 tanti
242 373 352 406 imperii
363 373 466 399 molem
476 372 604 398 traditur
643 373 770 402 Brutus,
790 374 952 404 Tarquinia
970 374 1068 412 sorore
1088 376 1162 408 regis
1171 382 1223 401 na-

21 407 120 433 Deos:
143 411 208 432 nam
227 412 317 437 quum
337 406 466 430 omnium
484 402 603 431 fiacellc-
641 406 820 436 rus‚juvenis
829 405 996 438 longealius
1005 407 1125 438 ingenio
1135 414 1220 439 quam

19 442 87 469 ‚rum
104 437 344 469 exaugurationes
370 435 557 462 admitterent
575 443 604 462 a·
619 433 624 456 ¹

21 475 69 496 ves
81 486 90 499 ,
112 470 143 496 in
154 468 288 495 Termini
301 467 370 494 fano
381 474 441 493 non
452 468 600 494 addixere.

20 499 112 534 idque
130 507 215 526 omen
233 500 452 537 auguriumque·
466 499 506 535 ita
525 506 602 525 acce-

21 536 106 566 ‘ptum
117 531 228 561 estmon
238 537 343 557 motam
354 532 486 557 Termini
496 530 599 559 sedem,

24 569 174 596 unumque
192 569 260 589 eum
278 563 404 589 Deorum
422 568 482 598 non
503 568 602 600 evoca-

22 599 86 622 tum
96 594 210 622 sacratis
217 594 269 620 libi
280 594 386 620 finibus
395 611 402 622 ‚
425 595 508 620 firma
519 594 602 620 stabi-

19 626 116 659 naque
141 625 241 652 cuneta
258 627 442 665 portendere.
463 627 527 652 Hoc
537 633 601 657 per-

21 658 171 693 petuitatis
187 657 316 690 auspicio
325 663 440 690 accepto
451 674 458 686 ‚
471 658 598 683 secutum

19 689 101 717 aliud
120 690 347 718 magnitudinem
357 690 471 720 imperii
484 694 601 721 porten-

20 720 92 748 dens
101 721 266 753 prodigium
284 721 332 747 est.
349 726 434 753 caput
446 722 600 747 humanum

16 752 136 786 {integra
146 753 217 779 facie
228 752 421 784 aperientibus
432 753 601 787 fundamen-

21 788 118 813 oetem
139 785 162 811 li
173 784 283 811 dicitur
292 784 457 816 apparuifie.
478 786 549 817 Quce
560 786 602 811 vi.

20 814 51 842 fit
60 816 121 848 spec
133 823 160 842 es
171 831 179 844 ‚
200 816 275 842 haud
295 823 344 848 per
353 818 479 848 ambages
491 833 499 846 ,
508 822 599 842 arcem

20 852 83 874 eam
100 847 213 879 imperii
243 854 386 881 caputque
415 854 511 873 rerum
537 847 600 874 fote

17 878 219 912 portendebat.
233 879 319 912 idque
329 879 368 905 ita
380 879 506 914 cecinere
515 885 602 909 vates,

20 911 130 944 quique
147 911 179 936 in
194 910 266 936 urbe
282 916 381 939 erant,
408 914 538 943 quoique
566 913 601 939 ad

20 947 83 970 eam
101 947 161 968 rem
182 941 398 969 consultandam
425 949 460 968 cx
484 944 602 970 Etruria

21 973 191 1000 acciverant.
223 974 390 1006 Augebatur
409 975 443 1000 ad
463 975 600 1006 impensas

23 1005 99 1038 regis
116 1006 239 1032 animus.
257 1007 359 1038 ltaque
379 1007 534 1032 Pometinae
543 1014 602 1032 ma-

25 1037 137 1064 stubba,
179 1044 221 1063 uae
239 1037 421 1070 perducendo
439 1038 474 1064 ad
484 1038 598 1064 culmen

23 1068 104 1102 operi
114 1043 259 1104 degginarae
276 1076 358 1095 erant
368 1086 377 1098 ‚
395 1070 442 1095 vix
454 1070 482 1095 in
495 1070 602 1107 funda-

24 1105 120 1129 menta
141 1101 365 1134 mppeditavere.
384 1109 418 1127 eo
438 1108 526 1132 magis
545 1103 601 1127 Fa-

639 437 720 466 cujus
730 436 939 463 simulationem
948 438 1122 464 induerath
1131 445 1223 470 quum

641 469 780 498 primores
791 469 917 495 civitatis
927 485 935 497 ‚
947 469 979 495 in
988 470 1092 506 quibus
1102 470 1222 497 fratrem

640 499 722 525 suum
734 517 742 528 ,
758 501 793 526 ab
810 501 954 527 avunculo
976 501 1159 528 interfectum
1170 509 1222 528 au-

639 531 722 558 diss'et
734 539 742 562 ·‚
753 538 846 564 neque
858 533 887 558 in
898 533 995 559 animo
1004 532 1056 570 sup
1067 535 1220 566 quicquam

640 564 702 596 regi
728 564 890 590 timendum
916 571 1008 595 neque
1036 572 1068 590 in
1097 565 1218 593 fortuna

639 595 896 627 concupiscendum
915 596 1079 633 relinquere
1099 598 1218 625 statuit:

640 632 808 659 contemptu
821 633 902 653 tutus
914 628 966 654 efle
975 645 982 657 ‚
993 628 1044 654 ubi
1055 635 1086 654 tn
1097 629 1161 659 iure
1174 637 1222 662 pa-

641 665 705 684 rum
716 659 840 690 pra’ssdii
850 659 927 686 efl'et.
948 661 1026 691 Ergo
1035 666 1069 686 et<
1078 661 1222 688 industria

638 688 730 716 faetus
740 690 775 716 ad
786 691 978 718 imitationem
988 692 1220 727 stultia-*emuniri

639 720 667 745 se
685 721 790 754 filaque
817 724 917 754 praedae
946 723 997 750 esse
1014 724 1073 755 regi
1092 723 1198 752 imeret
1211 740 1222 753 2

641 753 727 779 Bruti
753 761 868 786 quoque
895 755 970 781 haud
995 756 1097 781 abnuit
1114 763 1224 788 cogno-

639 790 723 810 men.-
744 791 778 811 ur
797 786 849 812 sub
869 786 930 817 ejus
939 787 1059 813 obtentu
1069 789 1220 819 cognomi-

640 816 685 842 nis
696 833 703 845 ,
721 817 860 844 liberator
886 818 936 845 ille
962 819 1066 850 populi
1093 820 1221 847 Romani

639 849 752 874 animus
765 865 773 876 ,
790 848 884 876 latens
901 850 1081 883 opperiretur
1091 854 1220 884 tempora

640 879 698 905 sua.
727 881 755 906 Is
781 886 842 908 tum
866 882 902 907 ab
930 882 1100 914 Tarquiniis
1116 883 1223 910 duetus

642 912 769 944 Delphos
780 929 788 942 ‚
807 913 969 940 ludibrium
978 914 1069 940 verius
1078 921 1162 950 quam
1173 923 1223 942 co-

639 945 696 969 mes
707 959 715 971 ,
735 950 851 971 aureum
864 945 992 971 baculum
1001 946 1144 972 inclutum
1156 953 1222 973 cor-

638 981 694 1001 neo
704 981 801 1002 cavato
809 977 843 1003 ad
856 977 884 1003 id
896 977 996 1004 bacuio
1006 977 1099 1004 tulisse
1110 979 1220 1006 donum

640 1007 772 1038 Apollini
793 1009 920 1038 dicitur,
942 1016 993 1041 per
1012 1010 1140 1043 ambages
1158 1011 1220 1036 effi‘-

640 1039 713 1070 giem
724 1040 834 1072 ingenii
843 1039 898 1067 sui.
916 1041 984 1076 Qo
994 1042 1141 1074 postquam
1150 1049 1221 1068 vcn-

640 1076 701 1096 tum
719 1071 758 1096 est
771 1087 780 1099 ‚
799 1072 932 1102 per-festis
960 1073 1049 1106 patris
1066 1073 1221 1104 mandaris,

639 1103 745 1134 cupido
756 1103 867 1130 inceflit
876 1104 988 1130 animos
997 1106 1134 1136 juvenum
1145 1105 1222 1134 ‚sci-

26 1130 74 1161 blo
83 1147 92 1160 ‚
105 1137 288 1164 praeterquam
300 1134 378 1164 quod
390 1131 538 1164 antiquior
549 1134 598 1163 est,
617 1136 622 1161 4
637 1133 760 1160 scitandi
770 1136 805 1161 ad
816 1142 900 1167 quem
911 1136 1010 1162 eorum
1023 1139 1221 1169 RegnumRo-

19 1163 190 1192 crediderim
201 1180 208 1193 ‚
229 1164 439 1197 quadringenta
448 1171 480 1191 ea
492 1165 549 1191 iola
559 1172 601 1192 ta-

639 1172 753 1191 manum
765 1166 832 1193 effer
856 1172 1021 1194 venturum.
1049 1170 1095 1195 Ex
1112 1169 1220 1196 infimo

20 1192 102 1221 tenta
122 1193 222 1224 fuistin
240 1202 325 1228 quam
335 1195 431 1222 Piibni
442 1212 450 1225 ‚
469 1198 519 1228 qui
530 1204 599 1229 qua·
638 1195 721 1234 specu
733 1205 830 1224 vocem
841 1199 980 1225 redditam
992 1200 1109 1231 ferunt3
1129 1200 1222 1235 Impe-

15 1224 155 1264 ‘dmginta
171 1227 263 1254 millia
281 1228 378 1259 pondo
396 1230 508 1263 argenti
519 1228 599 1261 sepo-

22 1255 76 1283 fita
85 1264 116 1284 m
126 1264 186 1284 eam
195 1265 254 1284 rem
263 1258 364 1286 scribit
375 1265 383 1290 3
403 1260 541 1286 iummatn
552 1268 600 1291 pe-

20 1288 132 1319 cuniae,
158 1296 250 1323 neque
267 1297 303 1317 ex
324 1291 412 1317 unius
439 1298 501 1318 tum
519 1293 599 1318 urbis

19 1321 115 1353 prada
123 1318 288 1354 sperandam
299 1328 308 1354 ;
318 1323 348 1350 Sc
358 1324 469 1350 nullius
479 1340 486 1353 ‚
498 1330 533 1350 ne
544 1324 597 1349 ho-

17 1354 86 1380 Tum
105 1353 221 1386 quidem
242 1354 462 1386 magnificentiae
478 1363 597 1388 operum

21 1382 212 1411 fundamenta
221 1391 282 1411 non
293 1385 533 1419 exstipex-amram.

55 1417 125 1447 Cap.
142 1417 204 1443 LV
215 1417 242 1442 1.
258 1418 394 1445 Intentus
421 1419 598 1451 perficiendo

21 1448 130 1480 templo
143 1463 152 1477 ‚
171 1447 259 1475 fabris
277 1450 407 1481 undique
425 1457 460 1476 ex
481 1452 601 1478 Etruria

18 1479 120 1506 accitis
129 1495 139 1509 ‚
157 1486 217 1506 non
229 1482 348 1511 pecunia
359 1482 450 1508 solum
461 1484 495 1508 ad
507 1483 537 1509 id
549 1489 601 1514 pu-

17 1509 96 1539 blica
120 1511 161 1538 est
179 1510 257 1538 usus.
282 1511 329 1539 sed
348 1520 367 1539 o
388 1514 443 1540 eris
460 1515 545 1540 etiam
563 1519 600 1540 ex

17 1540 104 1576 *plebe
114 1559 122 1571 ,
138 1543 189 1575 qui
208 1550 295 1576 quum
305 1545 360 1571 hau
392 1546 529 1578 parvus&
540 1545 598 1578 ipse

80 1573 87 1580 ·
105 1573 136 1600 ioe
153 1575 306 1602 adderetur
325 1577 424 1608 labor,
445 1578 538 1604 minus
557 1583 601 1604 ta-

24 1606 218 1664 ’ὂὲἳωρέἓξω
233 1608 599 1676 {ilibazffizssmsiuffsi‘ffss}

20 1667 176 1725 gosthac&
195 1670 230 1695 ad
241 1670 295 1696 alia
305 1687 313 1700 ,
332 1677 366 1698 ut
376 1672 466 1709 ipecie
475 1673 599 1702 minora,

46 1705 62 1725 e
70 1699 176 1726 laboris
183 1701 332 1734 aliquanto
343 1704 459 1735 majoris
469 1720 477 1733 ‚
500 1705 600 1731 tradu-

21 1729 140 1765 cebatur
149 1738 233 1764 opera
244 1742 252 1759 .·
273 1733 351 1761 foros
363 1735 393 1761 in
405 1736 481 1762 circo
493 1735 600 1762 sacien-

24 1761 95 1792 dos‚
112 1763 291 1797 cloacamque
308 1768 459 1793 maximam
478 1773 600 1800 recepta-

27 1793 123 1820 culum
143 1797 271 1822 omnium
291 1804 600 1830 purgamentorumur-

21 1823 66 1882 3¹⁵
73 1825 126 1853 sub
137 1831 240 1864 tertam
249 1830 398 1866 agendam.-
411 1831 516 1862 quibus
526 1831 600 1857 duo-

41 1862 75 1884 us
94 1859 229 1891 operibus
249 1866 298 1886 vix
317 1868 390 1887 nova
399 1862 457 1888 hrec
466 1862 597 1894 magnifi-

17 1889 118 1916 'eentia
137 1890 290 1923 quicquam
315 1893 466 1926 adaequare
491 1896 599 1925 potuit.

15 1919 80 1947 'His
89 1921 234 1948 laboribus
250 1926 374 1950 exercita
385 1925 475 1956 plebe.-
488 1926 555 1958 quia
567 1927 596 1953 Sc

23 1951 89 1980 urbi
100 1953 317 1981 multitudinem
326 1971 335 1984 ‚
352 1957 402 1982 ubi
414 1955 480 1983 usus
489 1963 546 1982 non
559 1957 601 1983 es-

32 2014 34 2017 ,
73 1998 82 2012 =
101 1985 184 2012 oneri
208 1986 327 2013 rebatur
345 1988 416 2015 effe:
439 1989 468 2015 Sc
488 1989 600 2016 colonis

7 2014 175 2044 ;nlttendis
194 2018 328 2052 occupari
348 2020 434 2045 latius
445 2020 557 2049 imperii
567 2021 602 2047 fi-

3 2047 76 2105 {a
85 2047 197 2074 volebat
207 2055 216 2079 ;
227 2050 351 2082 Signiam
364 2051 546 2084 Circeiosque
554 2059 601 2078 co-

6 2091 10 2106 .·
77 2084 108 2105 os
132 2080 227 2107 milit:
258 2082 384 2114 praelidia
409 2084 475 2109 urbi
502 2083 601 2110 firtura

6 2115 11 2143 ζ
25 2109 100 2145 (σῃ-ει
115 2112 253 2143 marique.
272 2114 338 2140 Haec
349 2115 462 2146 agenti,
481 2121 601 2146 porten-

4 2127 11 2167 ἦ
25 2140 226 2171 mretribsse
236 2143 323 2170 visum
337 2163 346 2175 ,
367 2147 467 2178 anguis
477 2153 512 2172 ex
521 2148 600 2173 colu·

26 2172 92 2208 tim
109 2174 202 2206 lignea
210 2176 318 2207 elapsus
335 2194 343 2206 ‚
362 2184 449 2209 quum
461 2183 601 2204 terrorem

122 2207 218 2237 quein
231 2214 261 2233 re
282 2209 336 2234 iam
347 2208 548 2241 feciffetjpfius
560 2217 602 2236 re-

83 2242 143 2263 non
164 2242 220 2264 tam
239 2238 271 2265 su
293 2241 336 2266 ito
355 2247 458 2272 pavore
476 2243 600 2273 perculit

129 2283 140 2297 s
156 2275 239 2302 quam
255 2272 350 2297 anxiis
368 2272 494 2304 implevit
513 2274 600 2299 curls.

91 2305 128 2326 ue
143 2306 232 2332 quum
240 2304 276 2329 ad
287 2303 398 2334 publica
418 2305 549 2336 prodigia
561 2306 598 2330 E-

102 2330 112 2357 l
131 2336 244 2360 tantum
274 2339 350 2360 vates
376 2335 600 2366 adhiberentur,

98 2363 176 2390 velut
195 2365 352 2392 domestico
362 2367 516 2394 exterritus
527 2367 598 2396 visu.

81 2395 153 2431 phos
170 2396 207 2424 ad
225 2398 345 2426 maxime
355 2398 490 2428 inclitum
498 2400 529 2427 in
540 2404 599 2428 ter-

637 1234 713 1254 rmm
725 1227 872 1261 summum
890 1231 984 1265 quae
1013 1232 1127 1258 habebit
1138 1249 1147 1262 ‚
1167 1234 1222 1266 qui

638 1260 760 1294 ‘vestrum
768 1262 875 1294 primus
886 1278 894 1290 ,
920 1269 934 1287 o
944 1262 1076 1295 iuvenes,
1093 1263 1222 1297 osculum

639 1293 727 1318 matri
746 1294 856 1319 tulerit.
880 1295 1058 1327 Tarquinii,
1076 1301 1108 1323 ut
1120 1299 1223 1324 Sextus

639 1325 689 1356 qui
711 1326 810 1359 Romae
828 1326 942 1352 relictus
960 1326 1056 1353 fuerat
1069 1344 1077 1357 ‚
1093 1328 1223 1361 *ignarus

640 1356 777 1388 responss.
788 1357 943 1390 expersque
951 1359 987 1384 im
993 1359 1063 1390 perii
1073 1359 1147 1388 esset,
1159 1367 1219 1387 rem

639 1386 745 1414 summa
763 1394 820 1425 ope
832 1391 918 1416 taceri
928 1390 1055 1422 jubent;
1074 1391 1220 1424 ipiiinter

637 1418 666 1445 se
677 1425 742 1445 uter
751 1427 833 1451 prior
842 1437 851 1451 ,
863 1428 952 1453 quum
964 1423 1085 1448 Romam
1094 1423 1218 1453 redisset,

639 1451 724 1477 matri
745 1451 874 1478 osculum
891 1454 990 1483 daret,
1011 1453 1082 1480 sorti
1103 1457 1224 1487 permit-

639 1487 718 1509 tunt.
737 1484 846 1511 Brutus
864 1485 923 1511 alio
934 1490 1012 1512 ratus
1028 1485 1150 1518 spectare
1160 1487 1217 1519 Py·

639 1515 744 1540 thicam
753 1522 851 1542 vocem
863 1532 872 1545 ,
895 1517 974 1543 velut
983 1517 1005 1543 fi
1016 1516 1165 1550 prolapsus
1173 1525 1218 1545 ce-

637 1545 747 1573 cidiss‘ct
756 1563 763 1575 ,
785 1553 888 1574 terram
898 1547 1000 1575 osculo
1010 1550 1133 1582 contigit
1145 1558 1152 1576 :
1166 1549 1222 1576 sci-

637 1578 708 1604 licet
732 1580 810 1611 quod
838 1586 870 1605 ea
897 1581 1055 1607 communis
1080 1587 1170 1608 mater
1187 1589 1220 1608 o-

640 1609 751 1635 mnium
761 1611 927 1638 mortalium
935 1611 1012 1639 effer.
1025 1613 1163 1640 Reditum
1173 1614 1221 1639 in·

638 1642 674 1667 de
695 1642 836 1671 Romam,
852 1643 901 1669 ubi
927 1644 1060 1670 adversus
1091 1646 1221 1673 Rutulos

639 1673 745 1699 bellum
753 1673 861 1700 summa
871 1676 897 1702 vi
908 1676 1070 1707 parabatur.

673 1706 744 1736 Cap.
761 1707 787 1731 L
799 1707 825 1731 V
836 1708 849 1732 I
859 1707 883 1732 Ι.
909 1708 1035 1734 Ardeam
1056 1708 1161 1735 Rutuli
1171 1710 1221 1735 ha-

640 1735 827 1770 bebanngens
838 1743 871 1764 ut
880 1740 910 1765 in
921 1745 954 1765 ea
964 1740 1080 1772 regione
1090 1744 1175 1772 atque
1184 1742 1218 1768 in

639 1773 675 1792 ea
696 1773 798 1796 aetate,
817 1770 926 1796 divitiis
937 1772 1113 1803 praepollens.
1130 1778 1221 1803 eaque

639 1797 698 1830 ipsa
715 1801 804 1828 cauffa
824 1802 892 1828 belli
911 1802 970 1829 fuit
982 1819 990 1831 ‚
1007 1804 1083 1834 quc-d
1095 1809 1145 1829 rex
1158 1805 1222 1830 Ro-

641 1837 739 1858 manus
772 1838 833 1859 tum
855 1833 913 1865 ipse
940 1835 1049 1863 ditari,
1066 1836 1223 1863 exhaustus

639 1863 852 1894 magnificentia
879 1866 1059 1897 publicorum
1078 1873 1224 1898 operum,

640 1899 702 1919 tum
713 1897 805 1926 pra-da
823 1897 946 1924 delinire
964 1899 1146 1930 popularium
1157 1900 1225 1925 ani-

644 1932 704 1963 mos
720 1926 868 1959 studebam
887 1934 991 1987 ἅπτει·
1016 1930 1100 1956 aliam
1121 1929 1221 1967 super-

642 1957 716 1983 biam
727 1965 814 1992 regno
825 1960 885 1986 infe
911 1967 942 1986 os
950 1961 1046 1987 etiam,
1057 1963 1173 1993 quodie
1187 1963 1221 1988 in

639 1988 787 2017 fabrorum
805 1992 971 2019 ministeriis
986 1999 1018 2019 ac
1034 1992 1128 2019 servili
1148 1999 1221 2020 tam-

641 2020 692 2046 diu
711 2022 825 2048 habitos
844 2030 930 2055 opere
950 2025 984 2050 ab
1004 2031 1068 2058 rege
1085 2026 1220 2058 indigna-

642 2051 756 2079 bantur.
774 2055 901 2081 Tentata
917 2060 960 2080 τες
970 2056 1018 2084 est,
1029 2056 1050 2081 ii
1061 2057 1153 2085 primo
1165 2058 1222 2083 im-

640 2089 708 2115 petu
717 2086 777 2112 cani
797 2087 893 2113 Ardea
903 2087 998 2118 poffit.
1016 2088 1064 2113 ubi
1077 2089 1107 2114 id
1117 2094 1219 2120 pamm

640 2117 791 2146 precellit.
812 2119 965 2145 obfidione
993 2120 1222 2146 munitionibus-

640 2153 696 2177 que
714 2155 756 2174 coe
779 2149 800 2175 ti
821 2152 909 2182 premi
930 2151 1031 2177 hostes.
1049 2152 1083 2176 ln
1097 2152 1132 2177 iis
1141 2152 1222 2178 stati-

640 2179 693 2207 vis,
704 2185 737 2206 ur
771 2186 782 2206 t
800 2182 889 2213 longo
901 2183 988 2214 magis
999 2189 1083 2215 quarn
1093 2184 1151 2209 acri
1161 2184 1223 2210 bel-

640 2209 681 2238 lo,
693 2210 760 2238 fiatis
769 2212 853 2239 liberi
864 2219 1034 2241 commeatus
1044 2219 1126 2241 erant
1137 2222 1144 2239 .-
1158 2216 1220 2244 pri-

641 2244 771 2270 moribus
791 2249 882 2270 tamen
893 2246 980 2276 magis
990 2261 999 2274 ,
1021 2251 1105 2277 quam
1115 2246 1221 2273 militi-

642 2273 704 2299 bus.
724 2276 808 2308 Regii
818 2276 934 2308 quidem
944 2277 1062 2307 juvenes
1070 2277 1219 2313 interdum

641 2306 736 2332 otium
755 2308 892 2334 conviviis
915 2308 1220 2340 comessationibuique

645 2336 721 2363 inter
740 2338 768 2364 se
786 2340 928 2366 terebant.
955 2340 1032 2366 forte
1053 2341 1222 2372 potantibus

643 2367 688 2394 his
696 2370 770 2401 apud
780 2371 896 2397 Sextum
907 2373 1098 2403 Tarquinium
1111 2387 1118 2400 ‚
1129 2372 1178 2398 ubi
1188 2373 1220 2400 St

650 2400 951 2459 collatinngcoenabat
961 2404 1139 2437 Tarquinius
1149 2404 1222 2442 Ege»

1184 2442 1212 2462 n
