1414 2655
163 81 231 126 598

629 84 676 119 Τ.
719 84 922 122 Lrv‘tr

161 127 299 156 adversus
328 127 446 155 eandem
470 128 612 160 syriacam
631 129 742 157 claffem
792 137 837 160 ter
851 132 891 163 se„
910 134 967 165 jam
977 133 1007 161 in
1017 134 1123 163 dextro
1132 141 1225 166 cornu
1234 138 1372 169 advertus

163 160 248 187 miffae
260 178 268 190 .
284 159 430 192 assumptis
451 162 569 187 navibus
591 169 718 195 quatuor
729 180 737 193 ‚

161 198 226 225 quae
247 193 339 218 Cariae
357 192 489 225 praeiidio
510 199 593 220 erant
611 211 618 222 ,
650 201 742 227 oppu-

482 226 600 253 Daedaia
617 226 646 252 St
666 234 744 265 quae—

162 258 228 283 dam
260 257 317 283 alia
343 262 427 289 parva
454 258 568 284 castella
592 259 767 285 obiidxone¹

392 289 554 316 Eudamum
590 290 743 317 confestim

162 225 321 257 guantibus
337 224 426 257 regiis
446 242 455 254 ,

161 294 344 315 exemerunt.

160 321 243 347 exire
262 320 381 352 placuit.
410 322 518 355 additae
537 322 605 348 huic
625 329 744 355 quoque

156 351 227 379 sunt
247 352 283 379 ad
303 359 362 379 eam
372 352 481 379 claflern
493 369 501 379 ,
518 360 602 390 quam
614 354 744 384 habebar,

161 383 212 409 sex
233 390 337 415 apertae
358 390 453 410 naves.
484 385 634 412 Proteftus
652 393 743 418 quum

157 422 303 446 quantum
322 417 475 443 accelerare
497 423 631 449 poterat,
648 425 744 445 matu-

161 447 265 478 rasl'et3
284 448 320 474 ad
343 455 460 481 portum
473 465 480 477 ‚
497 456 582 485 quem
597 450 739 483 Megisten

157 485 284 508 vocant,
302 480 462 513 proegreisos
472 482 672 511 contequitur.
694 483 738 509 in-

161 511 199 537 de
212 518 273 547 uno
282 512 395 545 agmine
407 512 582 539 Phaselidem
592 519 681 543 quum
693 519 739 540 ve·

158 543 287 575 nissent;
305 545 449 576 optimum
469 546 559 572 vuum
579 546 619 572 est
629 546 671 573 ibi
684 546 739 573 ho-

162 575 231 601 stem
243 576 383 608 opperiri.

193 608 263 639 Cap.
281 609 306 632 Χ
318 609 343 633 x
355 610 369 634 1
380 610 393 635 Ι
404 609 427 634 1.
446 610 479 634 In
500 608 634 635 confinio
644 609 741 641 Lyciae

157 637 190 665 δε
211 640 385 672 l’amphyliae
406 640 531 667 Phaselis
550 642 588 667 est
607 650 612 666 :
633 640 741 672 promi-

157 674 210 697 net
227 672 341 702 penitus
354 673 384 699 in
396 674 497 701 altum,
506 673 743 711 conspiciturque

158 703 251 735 prima
282 709 423 731 terrarum
445 706 582 731 Rhodum
601 712 617 730 a
639 705 743 731 Cilicia

160 735 328 768 petentibus
337 753 345 766 ,
356 737 385 764 St
396 737 496 769 procul
509 737 624 762 navium
634 736 742 770 praebet

158 765 349 799 prospeetu‘m.
367 775 402 794 eo
413 768 536 794 maxime
547 785 555 796 ,
569 774 602 794 ur
611 769 641 795 in
652 769 740 795 obvio

157 798 235 824 clasii
254 800 377 826 hostium
396 800 485 827 essent
504 816 512 828 ‚
538 801 642 827 elestus
660 801 742 827 locus

149 830 208 856 est.
228 832 369 858 Caeterum
380 832 459 863 quod
471 839 528 858 non
539 833 742 865 providerunt,

159 861 192 889 3(
212 863 277 889 loco
295 864 412 896 gravi&
427 870 555 895 tempore
569 865 637 891 anni
656 866 737 896 (me-

160 894 245 920 dium
263 898 340 921 enim
360 896 462 923 :estatis
479 897 561 928 erat)
580 898 616 923 ad
629 898 740 923 hocin-

159 924 250 964 solitp
270 928 361 965 odore
378 928 511 960 ingruere
531 930 624 954 morbi
642 930 738 966 vulgo,

159 964 285 985 maxime
302 966 332 985 m
353 962 472 993 remiges
480 966 641 992 cmperunt.
658 968 742 993 cujus

155 991 327 1021 pestilentiae
336 999 414 1018 metu
427 993 558 1025 profecti.
570 1000 659 1025 quum
671 1001 741 1027 prae-

158 1024 379 1050 terveherentur
402 1024 601 1057 Pamphylium
622 1026 716 1052 finum
729 1042 737 1052 .

157 1053 195 1079 ad
218 1055 464 1087 Eurymedontem
486 1064 595 1083 amnem
620 1056 739 1090 appulsa

157 1085 240 1113 classe
251 1103 258 1114 ‚
277 1088 400 1115 audiunt
418 1088 453 1115 ab
475 1088 630 1119 Aspendiis
646 1090 683 1116 ad
694 1090 737 1115 Si·

157 1117 223 1144 dam
241 1119 300 1149 jam
321 1120 413 1147 hostes
434 1120 496 1147 este.
515 1122 641 1148 Tardius
660 1122 741 1147 navi-

155 1155 293 1185 gaferant
317 1153 389 1184 regii
400 1168 409 1182 ,
428 1152 544 1179 adverso
558 1159 687 1184 tempore
698 1155 737 1179 E-

156 1182 300 1211 teharum‚
310 1186 389 1215 quod
400 1185 479 1211 velut
489 1185 591 1211 statum
602 1186 738 1211 Favoniis

372 1217 555 1244 Rhodiorum
573 1218 636 1244 duae
648 1218 676 1245 St
687 1218 741 1245 tri-

154 1244 239 1277 ginta
250 1248 443 1280 quadriremes
452 1265 460 1276 2
472 1256 598 1277 quatuor
609 1250 739 1276 triremes

157 1276 249 1303 fuere.
270 1281 360 1312 Regia
378 1280 467 1307 claflis
474 1279 580 1314 septem
592 1282 621 1309 8<
632 1282 736 1315 trigin-

116 1234 127 1246 ,
152 1215 248 1241 ventis
266 1214 343 1241 effer.

156 1313 186 1336 ta
205 1311 322 1341 majoris
341 1311 441 1338 formae
460 1314 574 1340 navium
593 1320 654 1341 erar
674 1330 682 1341 ,
701 1315 733 1341 in

150 1342 258 1372 quibus
281 1349 338 1370 tres
356 1344 487 1377 hepteres
506 1346 535 1372 Sc
552 1351 678 1378 quatuor
687 1346 737 1372 he-

155 1379 239 1400 xeres
252 1376 382 1403 habebat.
402 1383 504 1409 praeter
513 1378 562 1403 has
572 1379 668 1404 decem
680 1378 736 1405 tri-

142 1407 246 1432 ⁴remes
265 1412 359 1434 erant.
377 1407 407 1435 8<
425 1409 478 1435 alii
495 1409 585 1436 adesse
595 1410 687 1437 hostes
696 1416 731 1436 ex

151 1436 266 1464 specula
276 1441 398 1470 quadam
408 1447 578 1473 cognovere.
599 1442 733 1475 Utraque

149 1468 242 1496 claffis
262 1471 373 1503 postero
390 1473 438 1498 die
457 1474 522 1500 luce
532 1474 623 1510 prima
635 1490 643 1501 .
661 1479 733 1501 ram-

151 1507 238 1532 quam
252 1509 287 1528 eo
297 1504 346 1530 die
356 1511 517 1537 pueuarura
526 1523 533 1535 ‚
546 1515 561 1531 c
572 1512 658 1533 vcrtu
671 1514 733 1533 mo-

149 1533 211 1559 vit:
230 1534 260 1560 Sc
281 1536 461 1568 posteaquam
477 1536 640 1570 superavere
652 1539 733 1564 Rho-

150 1564 194 1591 dii
219 1568 453 1597 promontormrn
477 1585 485 1598 ‚
514 1570 593 1601 quod
612 1569 647 1594 ab
666 1571 733 1597 Sida

147 1598 295 1627 prominet
306 1600 337 1624 in
348 1600 439 1627 altum
450 1607 458 1629 ς
469 1602 614 1631 extemplo
622 1600 653 1627 St
662 1608 734 1629 con-

145 1626 237 1660 spesti
258 1630 292 1656 ab
310 1631 439 1659 hostibus
458 1631 545 1662 sunt,
560 1634 590 1660 Se
609 1633 663 1665 ipfi
682 1640 732 1660 eos

145 1660 299 1688 viderunt.
320 1664 365 1689 Ab
385 1665 463 1693 regio
481 1665 598 1692 iinissro
615 1672 708 1692 cornu
720 1682 729 1696 ,

148 1693 230 1723 quod
242 1694 345 1721 abalto
354 1696 496 1726 objectum
507 1702 579 1724 erat.
591 1698 729 1727 Annibal,

147 1724 256 1752 dextro
291 1727 469 1758 Apollonius
502 1734 728 1759 purpuratorum

146 1762 226 1783 unus
245 1764 374 1789 praeerat.
392 1760 489 1792 &jam
503 1762 533 1787 in
545 1761 674 1788 frontem
684 1762 729 1788 di-

142 1788 235 1827 restqs
255 1789 397 1819 habebant
406 1799 497 1820 naves.
517 1794 729 1827 RhodiiIongo

144 1826 261 1852 agmine
292 1825 453 1851 veniebant.
482 1826 572 1857 prima
593 1827 728 1858 praetoria

141 1853 224 1879 navis
246 1854 371 1881 Eudami
392 1861 472 1883 erat:
491 1858 611 1889 cogebat
625 1864 725 1895 agmen

143 1884 332 1913 Chariclitus:
346 1888 537 1920 Pamphilidas
549 1891 648 1916 mediae
656 1890 727 1917 ciat-

143 1914 306 1954 fiproeerat.
323 1920 472 1947 Eudamus
483 1922 662 1953 posteaquam
673 1923 726 1948 ho-

141 1948 228 1974 stium
239 1950 324 1976 aciem
337 1951 502 1978 instruftam
511 1953 540 1980 &
551 1958 676 1985 paratam
688 1955 724 1981 ad

141 1983 374 2010 concurrendum
396 1984 491 2014 vidit;
507 1984 537 2011 8<
557 1985 615 2017 ipse
634 1985 665 2011 in
683 1986 726 2012 al-

140 2017 203 2038 tum
215 2015 356 2043 evehitur,
366 2015 395 2042 8(
404 2016 545 2047 deinceps,
555 2024 618 2049 quae
627 2016 726 2049 seque-

141 2043 249 2071 bantur
259 2062 268 2074 ,
289 2046 432 2073 servantes
451 2049 584 2075 ordinem
598 2050 627 2074 in
639 2049 723 2075 fron-

139 2081 199 2102 tem
210 2077 335 2110 dirigere
346 2079 438 2109 jubet.
460 2080 502 2106 Ea
512 2087 556 2106 res
566 2081 659 2111 primo
671 2087 720 2107 tu·

139 2108 266 2135 multum
287 2111 420 2140 praebuit.
438 2118 504 2137 nam
521 2119 574 2139 nec
592 2113 630 2139 fic
640 2114 670 2140 in
680 2113 723 2140 ai-

138 2144 202 2166 rum
223 2142 336 2169 evectus
354 2147 434 2172 erat,
452 2149 487 2170 ut
504 2145 578 2171 ordo
587 2146 717 2172 omnium

138 2172 256 2198 navium
275 2174 312 2200 ad
335 2179 439 2201 terram
458 2176 595 2209 explicari
607 2177 713 2209 posset:

135 2202 334 2243 &festina-ns
360 2206 418 2238 ipse
445 2213 622 2241 praepropere
649 2216 713 2236 cum

132 2240 266 2274 quinque
286 2238 356 2265 ioiis
375 2239 499 2266 navibus
518 2241 655 2268 Annibali
665 2248 715 2268 oc-

132 2273 238 2305 currit.
257 2271 351 2296 caeteri
373 2271 443 2302 quia
461 2272 492 2298 in
503 2272 628 2299 frontem
638 2274 713 2300 diri-

131 2304 197 2326 ecrc
221 2301 287 2331 Jussi
306 2307 388 2328 erant
401 2319 408 2330 ‚
427 2309 486 2329 non
506 2305 532 2330 se
553 2305 709 2332 uebanrur.

127 2330 270 2368 Extremo
289 2334 463 2364 agminiloci
475 2336 537 2363 nihi
561 2339 595 2363 ad
606 2343 711 2363 terram

126 2362 220 2390 relicti
241 2370 321 2392 erat:
338 2367 609 2402 trepidantibusqiie
619 2370 656 2397 iis
664 2370 712 2397 in-

790 167 970 194 Annibalem
979 168 1170 201 pugnabatur.

824 198 898 237 Cap.
916 199 942 224 X
953 200 978 224 x
991 201 1005 226 1
1020 201 1055 225 v.
1075 201 1128 228 sed
1139 208 1287 230 momento
1297 209 1371 231 tem·

789 236 886 262 poris,
902 230 933 258 ὃς
952 232 1066 259 navium
1085 234 1177 261 virtus
1193 236 1223 262 st
1243 236 1311 263 usus
1330 237 1372 264 roi

790 262 941 289 maritimae
958 269 1098 291 terrorem
1115 272 1230 293 omnem
1241 269 1369 296 Rhodiis

789 294 853 320 dem
874 294 921 322 fit.
939 302 1006 332 nam
1023 296 1053 323 St
1075 297 1107 323 in
1126 297 1217 324 airum
1237 300 1370 327 celeriter

787 331 838 351 eve
867 335 889 352 ae
910 334 1010 358 naves,
1028 329 1123 355 locum
1139 330 1200 363 post
1213 330 1370 365 sequarque

788 358 919 386 venienti
938 359 973 386 ad
985 366 1089 387 terram
1099 361 1220 389 dedere:
1241 363 1271 390 s:
1281 364 1303 389 fi
1314 371 1372 397 qua

787 396 975 428 c9ncurrerat
991 392 1084 419 rostro
1104 400 1168 420 cum
1179 394 1305 421 hostium
1318 402 1369 423 na-

788 429 816 448 νι
827 438 835 451 ,
852 427 904 450 aut
926 430 1041 455 proram
1058 424 1268 455 lacerabat‚aut
1278 434 1371 455 remos

788 454 972 489 detergebat,
990 460 1041 483 aut
1059 456 1240 484 liberointer
1249 460 1370 488 ordines

787 486 918 515 diicursu
928 488 1114 521 praetervecta
1124 504 1133 517 2
1143 489 1174 515 in
1185 490 1302 521 puppim
1312 492 1368 517 im-

786 523 884 551 petum
903 519 999 546 dabat.
1016 520 1136 546 maxime
1152 522 1296 549 exterruit
1314 523 1366 549 hc-

787 551 878 581 pteris
898 552 976 584 regia
993 549 1009 576 ὲ
1021 551 1116 578 multo
1125 552 1238 579 minore
1247 554 1367 582 Rhodia

787 588 858 608 nave
876 589 936 608 uno
958 582 1019 609 istu
1036 581 1174 610 demersa.
1194 585 1363 617 Itaqueiam

783 614 861 640 haud
879 614 967 641 dubie
981 615 1132 642 dexterum
1139 622 1231 643 cornu
1240 617 1368 645 hostium

786 646 816 672 in
839 646 934 679 fugam
951 646 1120 673 inclinabat.
1149 648 1310 676 Eudamum
1331 651 1363 677 in

784 677 844 703 aito
865 693 874 706 ‚
900 679 1090 706 multitudine
1106 680 1222 706 navium
1242 682 1364 709 maxime

787 710 918 736 Annibal
943 726 952 740 ,
979 711 1088 737 caeteris
1113 712 1248 739 omnibus
1272 712 1361 745 longe

787 742 964 773 praestantem
976 757 985 770 2
1004 743 1142 775 urgebat:
1161 744 1190 771 se
1207 746 1365 772 circumve-

786 772 871 801 niflet
882 790 892 803 ,
912 775 944 800 ni
964 774 1047 807 {igno
1056 773 1168 810 sublato
1180 781 1216 802 ex
1228 778 1364 807 praetoria

786 812 880 835 nave,
910 807 990 838 (quo
1015 806 1168 838 dispersam
1193 808 1302 836 classem
1328 810 1361 837 iu

786 844 877 864 unum
899 839 999 871 colligi
1019 845 1079 865 mos
1090 839 1174 870 erat)
1192 846 1364 875 omnesqui!

786 869 819 895 in
837 870 942 897 dextro
962 877 1053 896 cornu
1071 870 1199 898 vicerant
1207 878 1309 902 naves,
1326 874 1363 901 ad

784 908 868 934 opem
896 902 1042 929 ferendam
1067 901 1127 929 suis
1143 904 1364 933 concurriffent.

786 938 848 959 tum
868 934 897 961 δε
917 935 1068 963 Annibal,
1083 941 1205 966 quaeque
1214 936 1288 963 circa
1297 944 1364 965 eum

784 971 868 993 erant
884 972 989 995 naves,
1008 966 1153 998 capessunt
1175 965 1290 1000 fugam:
1311 976 1365 997 nec

786 998 900 1030 insequi
922 998 1051 1027 Rhodii,
1068 1004 1104 1024 cx
1123 1003 1223 1029 magna
1235 1005 1316 1032 parte
1325 1009 1362 1028 aa.

784 1030 862 1061 gris,
880 1030 909 1058 ὃς
928 1031 967 1057 ob
988 1030 1019 1056 id
1030 1030 1148 1058 celerius
1158 1031 1233 1058 fessis
1246 1032 1316 1059 remi
1338 1033 1363 1059 i-

788 1062 858 1090 bus,
876 1067 1049 1093 potuerunt.
1069 1063 1167 1095 Qum
1188 1062 1220 1088 in
1239 1064 1328 1092 alten
1349 1064 1361 1093 1

785 1091 970 1120 substiterant
987 1110 996 1122 ,
1011 1093 1077 1120 cibo
1095 1094 1244 1121 reficerent
1265 1095 1361 1125 vim.

784 1126 994 1158 contemplatus
1014 1126 1162 1153 Eudamus
1181 1126 1274 1153 hostes
1283 1127 1365 1154 clau-

784 1157 834 1183 das
853 1157 1026 1189 mutilasque
1036 1164 1120 1184 naves
1128 1159 1234 1189 apertis
1245 1158 1363 1186 navibus

783 1190 913 1215 remulco
923 1190 1080 1218 trahentes,
1090 1190 1166 1221 virgin
1172 1190 1195 1216 ti
1206 1190 1293 1227 pauxlo
1302 1196 1363 1217 am-

782 1221 858 1252 plius
876 1222 1002 1253 integras
1020 1220 1203 1248 abscedentes
1222 1228 1230 1253 3
1250 1228 1266 1247 e
1284 1222 1363 1249 turri

782 1253 924 1283 praetoriae
944 1253 1025 1279 navis
1040 1253 1160 1289 silentio
1184 1253 1261 1279 fatto
1273 1270 1282 1283 ,
1298 1253 1362 1280 Ex-

773 1282 905 1318 surgite,
926 1285 1025 1320 inquit
1035 1300 1044 1313 ‚
1058 1292 1095 1317 Q)-
1105 1285 1246 1318 egregium
1247 1285 1359 1322 speHa-
1378 1311 1385 1318 Α,

781 1318 879 1342 culum
900 1316 1021 1350 capefflte
1031 1317 1144 1342 oculis!
1161 1317 1360 1346 consurrexe·
1390 1324 1391 1329 ¹

782 1355 812 1375 re
832 1355 949 1378 omnes,
966 1353 1080 1375 contem
1102 1349 1212 1381 latique
1232 1351 1362 1383 trepida·

780 1382 891 1408 tionem
911 1380 1067 1412 fugamque
1107 1381 1241 1413 ostium3
1269 1388 1323 1415 pro

780 1420 840 1439 una
857 1418 925 1439 voce
934 1412 1125 1439 exclamavere
1134 1419 1233 1441 omnes
1246 1431 1254 1442 ‚
1273 1419 1307 1441 ut
1330 1420 1361 1440 e-

778 1444 1046 1476 querentur.1pfius
1055 1444 1178 1471 Eudami
1188 1446 1289 1472 multis
1299 1446 1363 1472 iffi-

778 1478 829 1503 bus
848 1477 999 1503 vulnerata
1017 1476 1099 1502 navis
1114 1480 1186 1503 erat.
1204 1476 1364 1510 Pamphili-

777 1510 842 1536 dam
858 1508 888 1535 Sc
909 1507 1101 1535 Chariclitum
1111 1506 1172 1534 inse
1192 1508 1242 1537 ui,
1261 1510 1359 1541 quoad

777 1545 914 1571 putarent
923 1545 1020 1567 tutum
1032 1556 1041 1569 ,
1059 1539 1150 1570 justit.
1198 1541 1361 1572 liquamdiu

776 1572 868 1611 secut-i
889 1570 958 1599 sunt
978 1580 985 1597 τ
1008 1571 1187 1611 posteaquam
1207 1577 1288 1611 ter-ta
1307 1579 1357 1611 ap-

776 1603 1132 1674 tfssgsie‘ffiffiaiffiss
1143 1610 1359 1666 ’bxiililxssf'it

776 1669 813 1694 ad
835 1668 999 1694 Eudamum
1020 1667 1141 1693 revesti.
1160 1667 1363 1700 hepteremca-

776 1705 854 1732 ptam
867 1716 874 1727 .
893 1706 956 1732 quae
967 1699 1062 1730 primo
1070 1699 1212 1726 concursu
1221 1700 1277 1727 ista
1285 1706 1359 1731 erat,

774 1738 848 1765 aegre
858 1731 1036 1759 Phaselidem
1048 1736 1263 1764 pertraxerunt.
1291 1733 1362 1770 inde

775 1764 915 1791 Rhodum
934 1780 944 1793 ‚
972 1769 1033 1789 non
1060 1768 1117 1791 tam
1136 1764 1259 1791 vistoria
1279 1765 1360 1794 laen,

774 1802 861 1829 quam
878 1795 952 1822 alius
970 1795 1060 1822 alium
1080 1795 1260 1825 accusantes,
1279 1797 1360 1828 quod

794 1835 864 1855 uum
876 1826 1105 1863 potuisi‘et2non
1115 1828 1208 1854 omnis
1221 1827 1360 1855 summer-

772 1834 804 1886 Fa
814 1865 864 1887 aut
873 1864 957 1891 capta
966 1858 1058 1885 classis
1068 1859 1192 1886 hostium
1205 1860 1281 1885 foret
1289 1876 1297 1889 .
1313 1866 1358 1886 re·

773 1892 904 1919 dierunt.
931 1891 1062 1917 Annibal
1084 1890 1157 1918 istus
1177 1898 1239 1918 uno
1259 1892 1360 1924 praelio

773 1922 895 1950 adverso
906 1939 915 1952 ‚
937 1930 974 1949 ne
985 1928 1048 1949 tum
1059 1923 1176 1954 quidem
1186 1924 1355 1957 praetervehi

772 1956 893 1987 Lyciam
904 1955 1044 1991 audebat,
1057 1961 1146 1986 quum
1157 1955 1296 1989 conjungi
1309 1963 1358 1982 ve-

778 1988 834 2015 teri
853 1987 936 2020 regiae
956 1986 1034 2013 classx
1046 1993 1129 2017 quam
1140 1987 1263 2018 primum
1274 1995 1307 2015 cu

773 2024 829 2047 ret.
847 2020 888 2046 Et
904 2020 935 2045 id
955 2025 990 2045 ne
1002 2018 1028 2044 ei
1037 2017 1131 2045 facere
1143 2019 1265 2046 liberum
1276 2026 1292 2045 e
1313 2024 1353 2050 et,

773 2050 885 2078 Rhodii
905 2050 1100 2077 Chariclitum
1110 2057 1175 2077 cum
1187 2052 1214 2078 vi
1235 2051 1291 2077 inti
1303 2057 1354 2077 na-

771 2084 852 2110 vibus
869 2082 999 2110 rostratis
1010 2082 1047 2109 ad
1059 2082 1196 2110 Patara&
1244 2084 1355 2115 egesten

769 2121 884 2147 portum
913 2114 1066 2141 miserunt.
1102 2114 1261 2141 Eudamum
1287 2121 1354 2141 cum

767 2146 874 2178 septem
893 2146 1013 2173 navibus
1031 2146 1164 2173 maximis
1184 2146 1350 2173 exeaclasse

765 2179 814 2206 cui
823 2177 978 2210 praefuerat
989 2194 997 2205 .
1010 2178 1122 2204 Samum
1133 2178 1228 2205 redire
1236 2178 1273 2204 ad
1288 2179 1350 2204 Ro-

766 2217 866 2237 manos
887 2210 1032 2240 jusserunt
1047 2218 1054 2236 :
1072 2215 1107 2237 ut
1125 2215 1266 2239 qnantum
1278 2216 1351 2236 con-

763 2243 848 2271 filio.
867 2248 1009 2273 quantum
1031 2242 1204 2268 auctoritare
1223 2241 1348 2272 valeret,

761 2275 947 2334 compeilderet
970 2275 1122 2301 Romanos
1137 2275 1172 2302 ad
1184 2274 1288 2302 Patara
1298 2280 1352 2308 op-

781 2314 799 2333 u
822 2313 878 2333 nan
902 2314 928 2332 a.

761 2314 779 2339 p
794 2314 864 2371 gap.
897 2339 921 2363 x
937 2337 1010 2363 xv.
1048 2338 1186 2370 Magnam
1220 2337 1350 2365 laetitiam

761 2369 903 2400 Romanis
916 2372 972 2403 lam
984 2368 1065 2404 prius
1075 2370 1202 2399 nuncius
1211 2370 1350 2430 vigiqgig.

1261 2409 1286 2428 ci
1331 2409 1348 2428 e
