1414 2655
113 192 144 213 re
152 186 188 212 ad
199 181 347 211 stationem
356 177 472 206 navium
485 174 588 208 (millia
594 178 689 200 autem

112 217 278 250 quindecim
287 214 322 240 ab
339 211 446 243 oppido
455 209 571 238 aberat)
592 207 688 233 dueta.

115 251 153 277 In
171 253 255 275 naves
282 251 396 278 parvas.
412 241 581 268 custodibus
600 239 690 264 inter-

114 281 239 313 emptis,
256 278 381 310 impetus
406 273 516 302 fastus:
536 270 692 302 territique

112 318 209 342 nautae
228 315 373 342 coguntur
392 312 476 333 naves
485 306 515 331 in
525 304 643 330 alteram
655 301 693 326 ri-

110 352 177 381 pam
204 343 294 370 amnis
311 339 486 370 transjicere.
512 335 598 362 &An
618 338 694 360 terra

113 377 282 412 prosperum
293 381 315 398 :e
337 379 369 398 ue
385 371 417 396 in
426 369 535 403 palatos
553 365 693 398 praedato-

112 415 161 436 res
178 407 307 441 praelium
359 407 444 429 erat:
474 395 694 431 refugientibus-

112 447 171 472 que
191 439 227 466 ad
236 437 383 464 stationem
393 433 499 460 Graecis
509 447 517 459 ‚
529 431 632 456 Veneti
645 428 694 453 ob-

114 473 229 499 fillunt.
245 471 291 496 Ita
300 468 329 494 in
341 466 437 493 medio
447 461 635 490 circumventi
645 460 696 484 bo-

115 505 171 530 stes
182 501 299 533 caefique
308 515 317 528 ‚
335 504 397 531 pars
405 497 489 530 capti,
499 494 605 521 classem
616 491 695 518 indi·

113 540 193 562 cant.
203 539 233 560 re
253 537 353 563 emque
363 529 553 560 Cleonymum
563 525 620 551 tria
630 523 696 548 mil-

115 568 157 595 lia
176 566 238 592 abel
250 571 274 590 e.
292 563 364 589 inde
382 560 501 592 captivis
512 557 644 590 proximo
654 555 697 580 vi-

117 605 155 625 co
174 599 205 624 in
224 594 378 622 custodiam
388 592 463 618 datis
476 607 485 620 ‚
494 595 559 621 pars
569 587 697 614 fluviati-

117 632 160 657 les
179 635 263 655 naves
279 626 315 652 ad
324 623 480 657 superanda
498 622 565 647 vada
585 621 697 651 stagno-

115 669 187 688 tum
195 666 260 692 apte
268 658 361 690 planis
367 655 454 682 alveis
463 653 623 679 fabricatas,
637 655 699 681 pars

117 694 231 726 captiva
253 689 365 721 navigia
398 685 515 712 armatis
540 683 696 715 complent.

118 723 302 758 profectique
326 720 363 745 ad
384 716 510 745 classem,
537 714 699 741 immobiles

118 763 224 785 naves,
240 755 269 782 δι
288 753 352 779 loca
369 751 471 783 ignota
479 749 542 781 plus
552 752 636 778 quam
647 745 701 770 ho—

119 789 192 814 stem
212 787 345 814 timentes
358 799 367 812 ‚
386 779 622 808 circumvadunt:
653 777 700 802 fu-

119 819 288 853 gientesque
305 817 336 842 in
354 814 444 840 altum
455 812 546 838 acrius
564 815 647 842 quam
659 815 701 832 re-

118 855 278 886 pugnantes
289 864 298 878 ,
314 846 403 878 usque
420 845 456 871 ad
481 844 583 869 ostium
611 839 702 866 amnis

119 882 281 942 ferlecmi,
299 880 388 910 captis
433 875 583 902 uibuldam
603 874 703 899 incen-

134 915 215 948 isque
235 911 353 940 navibus
372 910 410 934 ho
438 909 516 936 ium,
536 911 605 938 quas
616 904 704 935 trepi-

120 947 206 974 datio
223 946 255 972 in
272 943 344 970 vada
361 941 519 968 intulerat,
531 937 649 964 victores
661 941 701 959 re-

142 980 296 1006 'ertuntur-
324 975 499 1004 Cleonymus
526 970 573 995 vix
602 968 705 1000 quinta

121 1014 207 1044 parte
217 1008 331 1035 navium
352 1003 491 1032 incolumi
502 1019 510 1030 ‚
522 1001 603 1037 nulla
613 998 706 1030 regio-

124 1049 164 1069 ne
179 1041 264 1067 maris
283 1035 444 1066 Hadriatici
461 1034 594 1066 proipere
616 1032 704 1058 adita,

125 1073 263 1101 discellit.
302 1069 393 1096 rossra
422 1067 536 1093 navium
557 1064 705 1097 spoliaque

125 1107 274 1134 Laconum
284 1103 314 1129 in
326 1101 384 1127 aede
393 1098 520 1132 Junonis
538 1096 624 1122 veteri
636 1095 703 1122 fixa,

125 1137 214 1164 multi
225 1133 375 1166 iupersunt
395 1131 444 1163 qui
457 1130 602 1156 viderunt.
624 1127 706 1152 Pata-

124 1169 170 1197 vii
187 1168 398 1194 monimentum
418 1161 526 1188 navalis
550 1165 651 1193 pugnae
668 1163 703 1183 eo

124 1201 174 1228 die
186 1215 196 1229 2
216 1206 273 1231 qua
298 1200 452 1229 pugnatum
471 1193 511 1220 est
522 1208 531 1221 ‚
548 1189 707 1223 quotannis

127 1233 244 1260 solenni
253 1228 408 1258 certamine
417 1226 533 1252 navium
543 1224 575 1250 in
587 1222 707 1249 flumine

125 1264 228 1298 oppidi
247 1261 343 1289 medio
353 1262 513 1285 exercetur.

162 1297 234 1329 Cap.
268 1295 282 1320 1
301 1294 316 1318 1
339 1293 364 1318 1.
399 1289 510 1316 Eodem
538 1292 615 1313 anno
648 1286 710 1312 Ro·

130 1334 186 1355 maz
211 1332 277 1353 cum
296 1323 423 1349 vestinis
440 1338 449 1351 ‚
488 1319 655 1353 petentibus
681 1323 712 1342 a·

125 1358 268 1386 micitiam
289 1373 297 1385 ‚
323 1355 411 1381 istum
434 1351 474 1379 est
500 1351 607 1378 foedus.
633 1348 713 1375 Mul-

125 1391 221 1424 tiplex
258 1387 363 1416 deinde
387 1389 505 1412 exortus
540 1387 645 1408 terror.
671 1381 709 1406 E-

128 1424 254 1450 truriam
271 1419 408 1447 rebellare
424 1417 459 1442 ab
470 1415 660 1442 Aretinorum
671 1411 713 1438 se-

126 1453 294 1486 ditionibus
315 1455 396 1477 motu
414 1452 483 1475 orto
501 1445 711 1473 nunciabatur:

129 1487 183 1513 ubi
203 1485 334 1512 Cilnium
346 1499 355 1511 ‚
374 1485 463 1513 genus
473 1483 635 1511 praepotens
645 1492 654 1501 .
664 1476 710 1502 di-

131 1519 270 1547 vitiarum
281 1514 392 1542 invidia
401 1511 470 1544 pelli
479 1509 565 1537 armis
575 1512 711 1542 coeptum.

133 1550 220 1578 fimul
245 1547 357 1575 Marsos
382 1550 490 1580 agrum.
511 1543 538 1568 vi
565 1541 662 1567 tucri:
683 1539 712 1565 in

130 1588 219 1615 quern
230 1579 344 1608 colonia
365 1575 493 1603 Carseoli
511 1572 633 1601 deducta
643 1576 715 1600 erat,

131 1619 260 1674 {namot
274 1609 407 1637 millibus
424 1607 578 1634 hominurn
589 1603 713 1642 scriptis.

152 1652 180 1674 ta
201 1651 238 1671 ue
249 1648 368 1676 propter
386 1646 433 1666 eos
441 1638 604 1665 tumultus,
621 1634 715 1661 dicius

132 1679 181 1704 M.
221 1676 327 1702 alerius
345 1671 491 1698 Maximus
499 1669 624 1696 dictator
636 1683 644 1694 ,
655 1673 713 1691 ma-

154 1710 253 1736 istrum
272 1705 403 1738 equitum
414 1703 467 1729 fibi
476 1702 547 1733 legit
564 1700 608 1726 M.
621 1698 718 1724 AEmi-

149 1743 208 1768 ium
233 1739 365 1764 Paulum.
383 1735 413 1762 id
424 1734 511 1766 magis
520 1732 615 1758 credo,
628 1736 714 1762 quarn

133 1771 306 1830 ossfabium
324 1774 355 1794 ea
376 1772 458 1792 :etate
475 1769 562 1797 atque
576 1763 616 1788 eis
625 1762 717 1788 hono-

132 1806 162 1831 ri
182 1811 215 1831 us
224 1801 343 1828 Valerio
354 1798 519 1829 subiectum.
538 1799 669 1821 caeterum
680 1797 716 1818 ex

135 1835 260 1864 Maximi
281 1831 450 1864 cognomine
469 1833 567 1854 ortum
588 1830 714 1852 errorem

133 1868 214 1894 haud
236 1863 396 1892 abnuerim.
425 1859 573 1886 Profectus
592 1857 717 1884 dictator

133 1907 201 1925 cum
219 1896 366 1924 exercitu,
392 1893 494 1923 praelio
519 1897 581 1917 uno
605 1888 715 1914 Marso<

133 1930 246 1958 fundit.
274 1925 426 1958 compulsis
454 1923 559 1950 deinde
585 1921 616 1947 in
634 1920 719 1945 urbes

135 1963 274 1989 munitas.
285 1957 463 1986 Milioniam,
476 1954 636 1981 Plestinarm
649 1952 718 1977 Fre-

135 1995 247 2022 filiam,
263 1993 341 2018 intra
365 1989 426 2015 dies
453 1991 557 2020 paucos
574 1985 666 2016 cepit:
687 1983 717 2011 St

134 2014 717 2084 iaiiaitgf¹rffi¹iss⁶iss¹¹izffliffssi’vfiffissi

137 2089 264 2117 bellum,
283 2087 313 2113 ὅ(
332 2090 421 2114 ouum
442 2081 566 2109 distator
576 2078 718 2110 auspicio-

134 2128 203 2147 rum
217 2116 438 2151 repetendorum
460 2111 551 2140 cauffa
573 2109 720 2144 profectus

139 2154 264 2179 Romam
283 2148 368 2176 esset,
388 2145 543 2178 magillere
564 2144 658 2169 uiturn
672 2146 718 2173 pa-

138 2185 271 2211 bulatum
281 2187 296 2207 e
317 2178 401 2206 tessus
412 2183 463 2205 ‚ex
477 2176 551 2202 lnlid
567 2176 589 2200 is
598 2174 719 2200 circum-

138 2216 273 2242 venitur:
316 2209 435 2243 gnisque
461 2208 500 2235 ali
523 2212 575 2232 uot
597 2204 719 2232 aminis,

139 2247 220 2274 foeda
229 2245 354 2271 milirum
374 2243 448 2269 caede
464 2246 495 2266 ac
504 2215 574 2270 ffuga
592 2237 622 2263 in
634 2235 721 2261 castra

140 2279 181 2305 est
193 2274 364 2307 compulsus.
375 2273 426 2306 qui
435 2277 530 2299 terror
542 2276 600 2295 non
610 2274 644 2294 eo
657 2272 720 2293 tan-

143 2316 206 2337 tum
224 2306 239 2334 ὲ
259 2308 350 2334 Fabio
359 2306 493 2331 abhorret
504 2319 512 2331 ‚
531 2301 610 2334 quod
630 2299 652 2324 ss
665 2304 721 2335 qua

141 2343 200 2369 alia
225 2345 285 2367 arte
302 2341 459 2368 cognomen
477 2333 558 2361 suurn
577 2335 700 2363 :equavit
712 2345 721 2356 ,

143 2380 207 2399 tum
227 2371 350 2397 maxime
369 2367 479 2394 bellicis
504 2364 655 2392 laudibus:
674 2361 720 2398 s⁰.d

145 2405 233 2433 exiam
241 2419 250 2434 ‚
265 2402 343 2437 quod
354 2405 463 2429 memor
473 2396 633 2431 Papirianae
645 2393 721 2422 iberi·

203 2507 212 2519 θ

590 129 634 162 Τ.
679 124 882 161 ῙιῐνῐΊ

750 173 807 202 tiae,
818 172 973 202 numquam
982 183 991 195 .
1011 168 1045 204 ut
1055 163 1205 192 dictatoris
1219 161 1326 196 inlufflr
1354 176 1356 178 v

751 203 909 231 dimicaret,
921 199 1023 227 adduci
1035 196 1180 229 potuiffer.

785 237 855 268 Cap.
871 234 884 259 1
895 234 933 270 y.
951 229 1097 257 Nuntiata
1115 235 1147 255 ea
1163 227 1257 254 clades
1267 229 1329 254 Ro-

754 273 839 295 mam,
850 271 987 295 malorem
998 268 1084 294 quam
1095 267 1138 287 res
1147 264 1208 286 erat
1218 274 1226 288 ‚
1237 264 1330 286 terro-

752 306 812 324 rem
821 297 937 324 exclvit.
956 301 1021 321 nam
1040 299 1074 319 ut
1083 291 1211 319 exercitu
1222 290 1330 320 deleto,

754 332 795 357 ita
816 329 959 361 justitium
977 325 1136 352 indictum:
1155 321 1331 350 custodiaeln

755 363 854 395 portis,
865 360 969 393 vigilis
980 357 1091 384 vicatim
1101 355 1203 381 exastae
1214 362 1221 379 :
1244 359 1335 381 arma,

757 394 810 421 tela
831 394 860 419 in
890 397 985 418 muros
1010 387 1152 420 congesta.
1190 385 1335 411 Omnibus

755 425 922 457 junioribus
950 420 1126 448 sacramento
1144 417 1266 446 adactis,
1289 416 1335 442 di-

757 459 849 483 ctator
867 456 902 482 ad
921 453 1080 480 exercitum
1100 450 1213 478 missus,
1231 447 1332 474 omnia

756 489 803 526 spe
814 487 1018 525 tranquilliora
1030 485 1058 511 ὃ(
1070 489 1133 510 com
1153 481 1225 507 osita
1241 480 1332 518 magi-

755 522 804 547 stri
825 525 955 552 equitum
976 523 1042 542 cura
1055 531 1063 544 ,
1090 520 1120 541 ca
1148 519 1177 539 ra
1198 513 1229 538 in
1240 516 1334 538 tutto-

755 559 815 587 rem
833 552 928 585 locum
950 547 1060 574 redacta
1072 564 1080 576 ‚
1100 545 1231 573 cohortes
1242 560 1251 572 ‚
1289 549 1334 568 ute

755 585 833 616 (lgna
851 582 1003 608 amiserant
1015 596 1023 608 ‚
1039 583 1120 605 extra
1147 576 1253 602 vallum
1285 575 1334 600 ine

756 615 891 643 tentoriis
915 613 1065 639 destitutas
1077 627 1085 639 ,
1101 608 1234 635 invenit:
1255 611 1337 632 exer-

1140 646 1179 665 uo
1197 639 1338 665 maturius

755 648 843 674 citum
860 646 973 672 avidum
1002 648 1104 675 pugnze

1142 677 1228 703 taque
1238 669 1337 697 confe-

755 681 764 706 i
787 678 915 705 nominia
932 676 1106 702 aboleretur.

783 712 820 737 im
847 711 933 737 castra
954 708 1021 733 inde
1040 706 1070 732 in
1089 711 1187 736 agrum
1209 700 1339 728 Rusella-

758 750 828 769 num
847 739 1002 774 promovit.
1021 738 1065 763 Eo
1084 736 1113 763 δε
1134 735 1226 762 hostes
1235 732 1338 759 secuti.

757 776 786 802 ἃ
808 778 979 806 quamquam
989 775 1026 796 ex
1036 769 1108 795 bene
1116 768 1191 799 gesta
1200 773 1231 792 re
1241 782 1250 794 ‚
1262 766 1338 792 tum·

763 813 836 832 mam
857 805 885 831 Sc
898 805 926 830 in
941 807 1040 834 aperto
1056 799 1209 826 certamine
1229 797 1336 824 virium

760 839 836 870 spem
845 836 1007 864 habebant3
1028 837 1122 859 tamen
1142 829 1255 857 inlidiis
1263 834 1337 860 quo·

760 877 816 896 oue
827 885 835 898 ‚
846 874 915 900 quas
926 866 1048 893 feliciter
1060 869 1096 890 ex
1132 863 1171 888 rti
1182 866 1270 889 erant,
1283 859 1337 885 ho·

757 902 825 928 stem
836 904 959 926 tentant.
978 896 1064 924 'resta
1096 895 1218 920 emiruta
1229 891 1282 918 vici
1292 896 1342 923 per

759 934 941 960 vastationem
974 934 1107 962 agrorum
1144 925 1236 953 deusti
1262 921 1338 949 haud

779 965 858 991 rocul
880 962 974 989 castris
1000 962 1200 986 Romanorum
1210 956 1344 982 aberant.

759 998 800 1023 ibi
813 995 920 1029 abditi-s
931 992 1048 1019 armatis
1058 1007 1067 1019 ‚
1087 995 1170 1022 pecus
1182 989 1213 1014 in
1223 986 1342 1018 conspe-

757 1030 807 1056 stu
834 1026 956 1060 pra-<lidii
977 1022 1122 1050 Romani,
1151 1020 1199 1047 cui
1217 1021 1339 1050 praeerat

761 1062 817 1086 Cn.
830 1057 1087 1087 Fulviuslegatus:
1109 1050 1286 1085 propulsum.
1305 1049 1342 1081 ad

761 1099 847 1124 quam
875 1088 1037 1116 illecebram
1063 1091 1152 1116 quum
1177 1085 1343 1110 moveretur

761 1130 846 1150 nemo
861 1122 896 1147 ab
920 1123 1051 1147 Romana
1071 1116 1196 1143 statione
1208 1119 1216 1127 ·
1246 1113 1340 1146 pasto-

762 1162 825 1182 rum
844 1159 920 1180 unus
931 1149 1091 1185 progreffus
1099 1131 1218 1179 subips'
1244 1144 1343 1172 muni·

761 1189 874 1214 tiones,
898 1184 1031 1211 inclamat
1049 1181 1120 1208 alios
1130 1175 1343 1205 cunetanterab

762 1219 855 1246 ruinis
873 1217 929 1244 vici
951 1220 1034 1248 pecus
1043 1211 1230 1246 propellentes
1241 1225 1251 1239 ‚
1268 1207 1341 1239 quid

761 1251 895 1278 cessarent
906 1265 915 1277 ‚
924 1253 1013 1280 quum
1024 1251 1072 1280 per
1082 1243 1174 1269 media
1183 1241 1269 1268 castra
1280 1241 1341 1266 Ro-

764 1289 846 1309 mana
866 1286 932 1308 tuto
950 1285 1031 1311 agere
1050 1274 1182 1309 possent?
1201 1273 1268 1300 Haec
1277 1275 1344 1298 curn

764 1316 859 1347 legato
881 1313 999 1338 Caerites
1026 1308 1144 1340 quidam
1171 1306 1345 1337 interpreta-

765 1352 869 1373 rentur
880 1360 888 1374 ‚
905 1344 934 1371 8(
955 1349 1004 1375 per
1014 1345 1111 1365 omnes
1120 1336 1281 1369 manipulos
1291 1334 1346 1360 ml·

764 1380 851 1405 litum
861 1378 961 1408 ingens
972 1373 1036 1400 effet
1047 1370 1209 1402 indignatio
1220 1385 1229 1397 ‚
1241 1373 1294 1394 nec
1305 1371 1348 1393 ta-

767 1417 831 1437 men
842 1406 947 1439 injussu
958 1410 1070 1431 movere
1080 1401 1109 1428 se
1119 1401 1258 1428 auderent
1272 1405 1282 1430 ς
1301 1398 1347 1429 ju·

767 1443 814 1468 bet
825 1442 931 1473 peritos
940 1438 1047 1470 linguae
1057 1433 1206 1461 attendere
1216 1431 1347 1458 animum

766 1473 908 1506 pastorum
931 1469 1023 1494 sermo
1048 1465 1149 1499 agresti
1176 1470 1212 1490 an
1229 1463 1344 1490 urbano

767 1505 885 1539 propior
910 1501 985 1528 effet.
1012 1500 1111 1533 Qum
1137 1496 1281 1522 referrent
1300 1493 1348 1521 so-

768 1544 837 1564 num
847 1537 954 1566 linguae
967 1549 974 1561 ‚
992 1531 1021 1558 8<
1041 1535 1194 1563 corporum
1204 1527 1348 1554 habitum.

767 1570 796 1596 ὃς
807 1569 932 1595 nitorem
943 1582 951 1593 ,
965 1564 1088 1591 cultiora
1098 1566 1182 1593 quam
1199 1557 1350 1591 pastoralia

768 1600 821 1628 este
832 1617 839 1629 ‚
857 1600 895 1625 ite
905 1597 995 1630 igitur
1007 1611 1015 1624 ,
1034 1593 1130 1620 dicite,
1142 1591 1240 1622 inquit
1250 1606 1258 1617 2
1270 1590 1358 1621 dete<

762 1635 838 1665 gant
859 1629 1048 1664 nequicquam
1068 1623 1199 1651 conditas
1210 1621 1351 1654 infidias:

769 1664 865 1689 omnia
878 1661 954 1694 scire
981 1660 1161 1684 Romanum,-
1186 1660 1235 1680 nec
1259 1651 1351 1684 magis

769 1696 830 1728 jam
845 1694 907 1720 dolo
930 1691 993 1724 capi
1014 1707 1022 1719 ‚
1069 1694 1136 1714 uam
1157 1686 1246 1712 armis
1262 1683 1347 1710 ‘vinci

768 1723 848 1761 poffe,
867 1727 934 1752 Haec
944 1723 992 1749 ubi
1004 1729 1040 1748 au
1065 1722 1104 1747 ita
1114 1718 1181 1745 sunt
1192 1735 1200 1747 ‚
1216 1718 1245 1744 Sc
1255 1717 1290 1742 ad
1301 1720 1352 1742 eos

775 1760 825 1790 qui
846 1756 1031 1784 consederant
1050 1754 1081 1779 in
1103 1748 1348 1780 insidiisperlata.

771 1788 982 1816 consurrectum
1004 1789 1120 1816 repente
1130 1788 1166 1808 ex
1177 1780 1292 1807 latebris
1300 1779 1352 1808 est,

771 1824 799 1850 ὅ(
812 1823 841 1847 in
862 1824 1006 1853 patentem
1025 1817 1061 1842 ad
1072 1813 1250 1849 conspectum
1261 1811 1352 1837 undi-

774 1860 829 1886 que
849 1857 976 1883 campum
997 1847 1107 1881 prolata
1126 1846 1214 1878 ligna.
1231 1842 1354 1869 Vllale-

771 1891 839 1917 gato
858 1884 950 1914 major
974 1881 1063 1909 acies,
1083 1883 1166 1909 quam
1178 1881 1239 1906 quae
1253 1874 1287 1899 ab
1298 1873 1352 1900 suo

772 1916 904 1949 praesidio
924 1911 1056 1940 sustineri
1065 1908 1162 1942 pofl‘et.
1181 1907 1277 1938 itaque
1286 1910 1354 1938 pro-

772 1956 839 1982 pere
857 1948 893 1973 ad
912 1945 1077 1972 dictatorem
1106 1939 1215 1967 auxilia
1231 1936 1353 1963 accitum

773 1980 866 2038 ἷιῇῐᾶςίῑ
878 1995 886 2007 ,
906 1978 1017 2004 interea
1028 1973 1086 2008 ipse
1098 1973 1220 2005 impetus
1228 1968 1355 1996 hostium

786 2020 804 2038 u
831 2015 902 2037 met.

807 2045 876 2074 cap.
896 2041 933 2064 v.
962 2037 1082 2065 Nuncio
1104 2035 1210 2062 allato,
1230 2030 1357 2059 distator

774 2076 852 2106 signa
879 2072 950 2098 ferri
971 2077 1003 2096 ac
1020 2068 1100 2100 sequi
1119 2070 1245 2092 armatos
1261 2064 1355 2095 jubet.

777 2107 823 2133 sed
842 2105 982 2137 celeriora
1002 2105 1086 2133 prope
1111 2099 1209 2124 omnia
1231 2095 1357 2127 imperio

776 2143 868 2164 erant.
889 2137 982 2165 Rapta
1001 2130 1145 2162 extemplo
1167 2129 1246 2160 signa
1261 2133 1358 2153 arma-

776 2177 832 2202 que
844 2185 852 2199 ‚
867 2168 896 2195 St
916 2167 964 2192 vix
981 2166 1016 2191 ab
1026 2165 1134 2195 impetu
1145 2161 1173 2189 Sc
1184 2158 1268 2187 cursu
1279 2163 1360 2185 tene-

778 2203 896 2228 bantur.
911 2203 999 2236 guam
1019 2196 1062 2221 ira
1078 2194 1113 2220 ab
1134 2196 1246 2223 accepta
1266 2195 1358 2228 nuper

777 2233 857 2260 clade
886 2229 1065 2256 stimulabat,
1096 2230 1158 2252 tum
1183 2223 1358 2250 concitatior

778 2264 908 2291 accidens
928 2262 1034 2287 clamor
1042 2259 1077 2284 ab
1087 2253 1258 2283 increscente
1267 2258 1358 2280 certa-

781 2297 868 2321 mine.
887 2295 1001 2325 Urgent
1020 2292 1118 2321 itaque
1126 2286 1261 2314 aliialios
1271 2300 1280 2312 .
1291 2284 1360 2310 hor-

781 2332 937 2357 tanturque
956 2321 1117 2355 miniferos,
1139 2324 1174 2345 ut
1190 2318 1270 2344 ocius
1280 2313 1365 2342 eam:

782 2365 841 2391 quo
850 2357 936 2388 magis
953 2355 1118 2380 festinantes
1138 2350 1216 2376 videt
1224 2347 1362 2376 dictator,

781 2398 817 2420 co
825 2387 978 2423 impenfius
989 2389 1113 2414 retentat
1123 2387 1223 2417 agmen
1235 2396 1243 2413 ‚
1253 2385 1284 2408 ac
1294 2378 1361 2438 ign.-
