1414 2655
455 161 858 208 Line'n'xxw

52 219 277 253 thueinienfibus
297 220 381 247 tanto
389 223 454 246 cum
464 218 630 245 discrimine

20 277 25 281 .
51 250 126 288 gesta
137 271 146 283 ‚
165 257 211 280 tot
229 257 287 279 tam
305 250 443 284 opulenti
458 251 575 283 tyranni
588 257 630 276 re-

51 285 174 319 gesque:
188 290 288 322 praeter
297 287 413 310 caeteros
423 282 525 311 Hiero.
538 289 628 314 quum

52 317 248 344 recentissimae
259 314 403 341 memoriae
412 319 462 340 rex
473 330 482 342 ‚
493 319 554 340 tum
563 320 630 340 anre

26 372 33 377 ,
51 351 151 376 omnia
161 365 170 377 ‚
189 354 252 382 quae
260 348 352 374 virtus
361 346 386 372 el
399 346 574 378 fortunaque
583 344 632 371 sua

24 403 29 406 .
52 381 172 409 dederat
184 397 192 409 ‚
213 378 357 406 beneficiis
375 379 405 404 in
418 377 557 411 populum
568 378 628 404 Ro-

32 436 34 438 .
54 419 171 440 manum
191 411 322 444 insignis.
337 416 370 435 ea
390 416 479 441 quum
497 408 630 435 universa

53 450 239 470 occurrerent
251 443 347 468 animo
356 457 364 469 2
378 439 543 473 subiretque
553 442 629 472 cogi-

54 476 149 503 ratim,
161 475 220 506 jam
231 475 281 501 illa
291 480 437 500 momento
446 473 524 499 horne
534 473 631 499 arsura

32 531 34 533 .
54 507 152 534 omnia
162 523 171 536 ‚
181 507 209 535 Sc
218 507 254 534 ad
264 508 372 532 cineres
382 505 508 532 reditura
520 512 526 528 e
538 504 630 536 prius·

53 545 139 572 quam
157 539 236 571 signa
255 537 422 572 Achradinae
447 538 611 564 admoveret
621 553 629 565 ‚

43 571 210 603 -praemittit
231 569 419 602 Syracusanos
438 583 447 596 ‚
472 569 522 598 ‹iui
551 569 629 595 intra

53 603 185 635 praesidia
197 603 335 629 Romana,
344 605 378 626 ut
386 606 453 626 ante
462 600 569 626 dictum
580 601 630 629 est,

57 634 172 661 fuerant
183 650 192 663 ,
211 639 245 660 ut
254 632 381 664 alloquio
392 631 450 657 leni
462 632 632 663 perlicerent

58 665 152 692 hostes
160 665 195 692 ad
205 664 362 692 dedendam
374 663 470 689 urbem
477 681 483 688 .

90 699 160 730 Cap.
178 698 204 722 X
215 698 240 722 x
251 697 288 721 V.
300 695 450 721 Tenebant
461 695 632 722 Achradina

54 735 154 761 portas
164 727 315 759 murosque
331 728 451 752 maxime
462 732 539 753 trans
545 727 628 760 519,ae,

52 761 161 792 quibus
171 761 252 786 nulla
268 764 329 785 erat
340 765 387 788 per
397 759 578 785 conditiones
589 766 632 784 ve-

53 793 110 819 niae
119 791 192 824 spes.-
204 793 222 818 ii
236 798 287 817 nec
296 791 375 826 adire
384 797 490 819 muros,
501 797 552 817 nec
560 791 634 817 allo-

55 825 108 856 qui
128 830 295 857 quemquam
307 822 383 853 pafli.
405 822 501 854 itaque
512 823 633 849 Marcel-

53 856 101 883 lus
122 856 268 888 postquam
296 854 325 881 id
344 854 487 889 inceptum
515 855 631 881 irritum

53 886 162 916 fuit,ad
174 885 332 918 Euryalum
343 886 419 917 ligna
429 887 530 912 reterri
541 886 632 917 justit.

52 920 184 946 tumulus
202 918 242 944 est
259 919 290 944 in
308 923 436 943 extrema
456 923 535 949 parte
553 919 633 944 urbis

53 949 150 977 versus
167 948 183 976 a
203 950 292 978 mari,
312 949 418 980 viaeque
429 949 580 976 imminens
591 949 632 975 fe·

54 983 134 1010 renti
144 983 175 1010 in
184 987 266 1013 agros
277 995 286 1009 ‚
304 981 568 1013 mediterraneaque
586 982 630 1007 in-

56 1013 125 1041 sulae
133 1031 142 1043 ‚
161 1013 357 1045 percommode
367 1011 438 1038 situs
446 1012 479 1038 ad
490 1019 630 1038 commea-

52 1050 100 1072 tus
117 1045 311 1077 excipiendos.
339 1045 460 1069 Praeerat
487 1045 555 1071 huic
573 1045 630 1070 arci

56 1078 243 1104 Philodemus
254 1075 386 1107 Argivus,
397 1075 431 1100 ab
441 1075 566 1107 Epicyde
578 1076 632 1101 im-

51 1109 162 1141 pofitus
173 1124 181 1136 .
197 1109 232 1134 ad
251 1114 336 1140 quem
355 1106 449 1133 mimis
465 1110 482 1134 a
494 1107 633 1134 Marcello

51 1141 125 1168 Sosis
135 1156 145 1170 ‚
163 1147 238 1167 unus
247 1145 282 1166 ex
291 1137 524 1166 interfectoribus
534 1144 632 1170 tyran-

55 1173 99 1202 ni,
111 1179 200 1205 quum
212 1173 301 1203 longo
311 1169 440 1197 sermone
450 1171 548 1198 habito
559 1171 631 1197 diia-

53 1209 101 1232 tus
122 1211 171 1236 per
189 1202 404 1230 frustrationem
422 1202 488 1229 efflet
501 1218 509 1231 ‚
530 1203 632 1229 retulit

55 1236 194 1262 Marcello
204 1251 214 1264 ,
233 1240 344 1267 tempus
351 1240 415 1260 eum
425 1235 459 1260 ad
472 1234 632 1260 deliberan-

55 1268 126 1294 dum
145 1266 297 1296 sumpsisse.
316 1267 412 1299 Qum
423 1266 445 1291 is
454 1266 530 1292 diem
540 1266 576 1291 de
583 1266 632 1293 die

53 1298 193 1326 differret,
203 1298 271 1325 dum
282 1299 468 1329 Hippocrates
479 1303 565 1328 atque
575 1298 629 1324 Hi·

51 1331 140 1358 mileo
149 1330 333 1357 admoverent
341 1329 428 1354 castra
437 1328 630 1367 legionesque,

51 1362 130 1389 muci
149 1362 275 1389 dubius..
293 1361 315 1387 sl
337 1361 367 1386 in
383 1366 476 1386 arcem
488 1360 631 1391 accepisset

53 1400 102 1420 eos
111 1408 120 1421 ‚
141 1393 233 1420 deleri
245 1395 406 1420 Romanum
418 1393 572 1418 exercitum
585 1393 630 1418 in-

38 1441 40 1444 v
53 1423 165 1453 clusum
175 1426 264 1451 muris
272 1423 358 1456 posse;
370 1424 524 1450 Marcellus
534 1425 629 1450 utEu-

40 1457 168 1490 -ryaIum
179 1463 270 1488 neque
282 1455 367 1485 tradi,
379 1462 472 1486 neque
481 1457 542 1487 capi
555 1456 629 1482 vidit

56 1488 223 1522 poffe.inier
234 1487 384 1519 Neapolim
394 1486 423 1515 ἃ
433 1487 630 1518 Tychamino-

57 1523 137 1548 mina
148 1520 270 1552 partium
280 1519 369 1548 urbis,
378 1519 406 1546 δι
417 1518 504 1545 instar
514 1520 630 1545 urbium

43 1552 133 1583 sunt)
141 1550 240 1589 posuit
249 1551 337 1577 castra
348 1558 354 1574 :
368 1552 470 1577 timens
479 1556 515 1587 ne
523 1567 532 1579 ‚
543 1550 565 1576 si
575 1549 633 1577 fre-

75 1589 176 1610 uentia
191 1581 318 1610 intrasset
334 1581 414 1610 loca,
434 1583 578 1608 contineri
595 1583 631 1607 ab

77 1613 187 1642 iscursu
212 1615 293 1641 miles
318 1614 418 1639 avidus
445 1613 545 1644 praedae
567 1620 628 1639 non

77 1647 155 1675 osset.
172 1647 272 1677 Legati
282 1652 316 1671 eo
324 1645 359 1671 ab
370 1645 469 1676 Tycha
478 1645 506 1672 &
518 1645 631 1677 Neapo-

52 1654 96 1708 fi,
117 1685 181 1706 cum
198 1676 301 1704 ‘infulis
316 1677 355 1713 &⁸
367 1677 530 1703 velamentis
549 1683 630 1702 vene-

55 1715 139 1740 riint;
150 1715 296 1741 precantes
303 1713 337 1734 ut
344 1716 360 1734 a
371 1708 492 1735 caedibus
501 1707 530 1735 8e
541 1708 576 1734 ab
588 1709 631 1734 in—

57 1742 167 1768 <endiis
186 1746 357 1773 parceretur.
374 1741 418 1766 De
435 1746 557 1772 quorum
568 1746 631 1769 pre-

57 1773 139 1799 cibus
149 1779 233 1805 quam
255 1771 402 1803 postulatis
412 1772 500 1801 magis
509 1772 630 1807 consilio

54 1804 322 1834 habitharcellus
333 1809 369 1828 ex
376 1804 506 1839 omniurn
517 1805 629 1829 lenten-

54 1837 97 1864 tia
106 1836 199 1863 edixit
209 1835 351 1862 militibus
363 1851 369 1862 .
391 1841 426 1860 nc
436 1840 500 1866 qulS
508 1835 627 1860 liberum

42 1874 158 1902 ‘eorpus
178 1868 310 1893 violaret.
328 1871 426 1893 cetera
442 1866 542 1898 praedae
552 1866 631 1892 futu-

39 1912 44 1917 ·
55 1907 98 1926 ra.
117 1899 260 1930 castraque
270 1898 351 1925 testis
359 1899 499 1928 parietum
509 1904 561 1930 pro
571 1905 629 1924 mu·-

54 1938 90 1957 ro
105 1931 179 1962 lepra
190 1947 199 1959 2
215 1930 306 1962 Portis
333 1930 449 1961 regione
494 1929 631 1956 latearum

52 1963 219 1995 patentibus
234 1961 369 1988 stationes
385 1937 567 1993 nraesnfiaque
578 1960 632 1987 dis-

94 1993 150 2020 suit
160 2010 169 2022 .
187 2000 224 2020 ne
242 1995 308 2026 quis
327 1994 356 2019 in
367 1990 495 2019 disrursu
506 1993 632 2019 militum

69 2031 180 2057 mpetus
199 2026 230 2052 in
250 2027 338 2050 castra
355 2024 420 2051 fieri
441 2023 539 2055 pofl‘er.
558 2025 630 2050 Inde

54 2057 138 2090 signo
157 2058 227 2083 dato
244 2056 349 2082 milites
357 2056 555 2083 discurrerunt
568 2064 574 2081 :
588 2062 632 2081 re-

40 2107 46 2111 ·
55 2087 211 2121 sraffisque
230 2088 340 2114 roribus
359 2095 447 2119 quum
467 2088 564 2113 omnia
573 2092 632 2113 tet-

57 2127 124 2147 rore
130 2127 162 2147 ac
174 2120 302 2147 tumultu
312 2119 474 2150 streperent,
486 2118 501 2144 *a
511 2119 633 2145 caedibus

56 2156 152 2179 tamen
164 2156 350 2183 temperatum
359 2151 409 2177 eil.
419 2151 525 2181 rapinis
535 2150 633 2176 nullus

56 2189 125 2211 ante
133 2184 235 2210 modus
245 2183 401 2215 fuit.quam
410 2184 507 2209 omnia
516 2183 629 2208 diutur-

56 2221 95 2242 na
104 2215 244 2242 felicitate
261 2215 403 2241 cumulata
421 2216 493 2240 bona
501 2212 631 2244 eaeffere.

54 2248 138 2274 Inter
149 2247 204 2273 liaec
214 2247 243 2273 St
253 2246 438 2272 Philodemus
446 2261 455 2274 ‚
474 2252 561 2277 quum
573 2245 635 2277 spes

54 2278 162 2305 auxilii
180 2279 260 2305 nulla
269 2277 336 2305 effet‘
347 2293 355 2305 ‚
376 2277 435 2304 fide
444 2283 558 2307 accepta
569 2293 578 2305 ‚
597 2282 630 2303 ut

46 2310 214 2337 >inviolatus
229 2309 264 2335 ad
276 2309 422 2342 Epicyden
436 2309 543 2335 rediret
555 2325 563 2335 ‚
582 2309 632 2334 de-

55 2342 144 2368 ducto
168 2340 297 2371 praesidio
329 2341 451 2367 tradidit
487 2341 629 2366 tumulum

50 2372 324 2400 ·Romanis.Averfis
333 2373 465 2398 omnibus
475 2373 510 2397 ad
522 2371 630 2398 tumul-

56 2408 118 2430 tum
136 2410 171 2430 ex
190 2409 269 2436 parte
286 2410 372 2435 captae
381 2404 473 2431 urbis.
486 2404 630 2429 Bomilcar

55 2436 168 2464 noctem
178 2442 238 2464 eam
248 2435 345 2464 nactus
357 2452 364 2466 ‚
374 2442 439 2469 qua,
449 2440 564 2468 propter
575 2435 630 2462 vim

681 219 854 250 tempestatis
862 218 932 246 stare
944 218 981 246 ad
989 219 1141 247 anchoram
1153 186 1254 249 in3iiilo

683 249 813 288 Romana
822 250 913 287 clasiis
932 258 990 278 non
1001 251 1090 282 posset
1100 268 1109 282 ,
1126 260 1191 279 cum
1203 254 1257 280 tri-

678 286 760 314 ginta
779 288 908 314 quinque
926 283 1045 310 navibus
1060 290 1096 310 ex
1106 286 1258 317 portuvsy.

679 312 816 339 racusano
835 314 998 345 profectus,
1020 315 1114 342 libero
1125 317 1256 349 marive-

678 345 747 371 lain
757 345 847 371 altum
867 346 967 378 dedit3
987 348 1059 379 quin
1082 348 1155 374 ue&
1167 349 1256 380 quiri-

677 377 816 414 quaginta
835 378 953 404 navibus
970 379 1042 408 Epic
1061 354 1104 405 3ae
1122 379 1152 406 Se
1170 381 1256 411 syra·

678 409 925 446 cuiauis-relictis.
943 409 1034 435 edoc'ti
1051 417 1106 441 que
1131 411 1256 439 Cartha-

678 441 854 472 glnlellllbus
864 458 872 468 ‚
890 441 920 466 in
952 446 1042 467 uanto
1052 448 1096 468 res
1107 442 1257 474 Syracusa·

679 478 716 497 na
727 472 890 498 discrimine
899 479 914 497 e
937 479 964 498 et
975 489 982 501 ‚
1002 479 1064 498 cum
1075 479 1190 500 centum
1202 481 1254 500 na-

676 503 758 529 vibus
778 504 839 534 post
859 510 959 535 paucos
978 505 1039 530 dies
1048 505 1122 531 redit
1134 521 1143 533 ‚
1155 507 1258 534 miiitiss

678 535 722 566 (ut
733 534 807 562 fama
817 535 867 565 est)
886 535 972 562 donIs
991 541 1027 562 ex
1036 537 1174 564 Hieronis
1183 544 1253 570 gaza

674 567 710 592 ab
725 567 852 599 Epicyde
861 566 994 593 donatus.

710 600 779 631 Cap.
795 600 821 623 x
831 600 857 623 x
868 598 894 622 V
905 600 930 624 1.
949 599 1114 630 Marcellus,
1123 600 1256 633 Euryalo

677 635 800 659 recepto,
810 630 998 662 praesidioque
1007 632 1107 658 addito
1119 639 1128 664 ;
1140 639 1196 659 una
1205 639 1255 660 cu-

677 668 710 699 ¹³.
718 667 779 688 erat
790 662 864 688 liber
875 678 882 690 ‚
903 668 939 688 rie
950 669 1006 694 qua
1014 662 1048 688 ab
1062 669 1103 689 ter
1124 671 1143 689 o
1151 665 1192 690 vis
1201 664 1256 690 ho-

677 693 761 720 stium
772 694 801 719 in
812 700 903 720 arcem
912 698 1024 726 accepta
1036 709 1044 720 ‚
1065 694 1112 721 inc
1127 696 1192 721 usos
1200 696 1255 722 im-

678 724 849 761 peditesque
868 726 1012 751 moenibus
1027 724 1092 751 suos
1112 728 1250 753 turbaret.

680 757 876 783 Achradinam
897 757 963 782 inde
974 773 982 785 ,
1001 757 1087 784 trinis
1097 759 1192 785 castris
1201 764 1253 790 per

679 789 783 814 idonea
801 787 946 826 dispositis
965 789 1027 815 loca
1039 804 1047 816 ‚
1066 788 1115 820 spe
1133 791 1169 816 ad
1188 790 1255 816 ino-

680 821 755 851 piam
776 826 904 846 omnium
925 825 1020 846 rerum
1040 820 1164 847 inclusos
1173 822 1256 848 reda-

678 852 790 877 {iurum
801 867 810 879 ‚
820 850 1011 888 circumsedit.
1032 853 1128 887 Qum
1139 860 1189 885 per
1198 853 1254 879 ali-

676 887 751 939 ι(ιμιοῐ
773 883 833 909 dies
842 888 944 914 quietae
955 883 1091 910 stationes
1109 885 1259 916 utrimque

692 913 792 940 iiisi‘ent
804 931 812 941 ,
822 919 938 944 repente
946 915 1086 941 adventus
1096 916 1257 948 Hippocra-

677 946 715 973 tis
724 946 754 972 ὃς
777 946 951 972 Himilconis
960 961 969 974 ‚
988 952 1022 972 ut
1032 947 1113 973 uitro
1125 948 1257 979 undique

676 983 911 1016 oppugnarentur
923 978 1069 1007 Romani,
1090 978 1170 1005 fecit.
1188 986 1255 1005 nam

678 1009 708 1035 8<
734 1010 922 1042 Hippocrates
949 1009 1044 1036 castris
1067 1010 1102 1037 ad
1119 1017 1255 1043 magnum

677 1045 792 1071 portum
804 1041 999 1068 communitis,
1008 1040 1148 1073 fignoque
1159 1043 1195 1069 iis
1206 1044 1258 1069 da-

678 1073 771 1104 toqui
792 1073 985 1098 Achradinam
996 1073 1148 1102 tenebant,
1167 1075 1256 1100 castra

678 1109 773 1130 vetera
785 1105 983 1130 Romanorum
991 1104 1112 1131 adortus
1122 1105 1161 1131 est
1171 1121 1178 1134 ‚
1190 1107 1259 1137 qui-

679 1135 731 1162 bus
749 1135 901 1166 crispinus
914 1141 1052 1168 praeeram
1073 1135 1103 1163 8(
1115 1137 1258 1168 Epicydes

677 1168 856 1199 eruptionem
878 1167 908 1192 in
928 1167 1063 1193 stationes
1074 1169 1206 1195 Marcelli
1218 1168 1259 1195 ffi-

678 1199 729 1224 cit.
747 1198 776 1225 ὃς
787 1198 877 1225 ciaffis
887 1199 992 1225 Punica
1001 1198 1108 1226 littori.
1121 1201 1199 1232 quod
1211 1200 1259 1226 in-

676 1234 721 1256 ter
730 1231 828 1256 urbem
839 1230 866 1257 sc
878 1230 965 1256 castra
975 1231 1103 1257 Romana
1113 1236 1175 1257 etat
1187 1247 1196 1259 ‚
1205 1238 1257 1264 ap-

676 1261 755 1294 pulsa
766 1262 805 1287 est
815 1278 824 1291 ,
845 1268 882 1287 ne
899 1262 970 1293 quid
981 1263 1103 1293 przelidii
1114 1262 1252 1295 crispino

678 1293 809 1320 submitti
829 1291 845 1318 a
866 1293 1005 1329 Marcello
1015 1293 1114 1325 posi'et.
1131 1295 1256 1321 Tumul-

677 1330 738 1351 tum
756 1330 851 1351 tamen
871 1331 1006 1355 majorem
1025 1325 1118 1352 hostes
1128 1326 1257 1358 praebue-

675 1362 755 1385 runt,
767 1362 852 1388 quam
861 1362 1013 1383 certamen·
1035 1363 1101 1383 nam
1110 1357 1140 1385 ὃς
1150 1356 1260 1390 Crispi-

680 1394 734 1414 nus
744 1389 939 1419 Hippocraten
953 1394 1012 1414 non
1024 1389 1129 1419 repulit
1139 1394 1254 1422 tantum

675 1420 879 1447 munimentis,
898 1419 945 1445 sed
962 1418 1107 1447 insecutus
1117 1421 1203 1447 etiam
1213 1421 1253 1449 est

676 1457 719 1478 tre
740 1452 786 1477 ide
796 1451 961 1482 fugientem:
972 1450 1001 1478 St
1017 1451 1164 1484 Epicyden
1175 1453 1258 1479 Mar-

678 1485 718 1510 cel
735 1490 766 1509 us
783 1483 814 1509 in
832 1482 932 1509 urbem
950 1483 1101 1514 compulit.
1130 1482 1254 1516 satisque

674 1514 732 1546 jam
741 1514 826 1540 etiam
838 1516 868 1541 in
880 1514 1020 1545 posterum
1030 1515 1179 1542 videbatur
1188 1523 1257 1547 pro-

674 1545 774 1574 visum,
796 1552 832 1571 ne
850 1545 920 1577 quid
936 1545 970 1572 ab
989 1547 1145 1576 repentinis
1153 1554 1259 1573 eorum

674 1577 889 1604 excursionibus
898 1577 1017 1609 periculi
1025 1577 1112 1604 foret.
1131 1578 1255 1606 Accessit

675 1609 703 1636 &
716 1609 886 1641 pestilentia,
894 1615 1046 1635 commune
1054 1609 1252 1641 malum‚quo‹l

677 1640 760 1666 facile
779 1645 967 1672 utrorumque
985 1641 1096 1667 animos
1112 1647 1253 1669 averteret

674 1670 690 1698 a
711 1672 778 1698 belli
807 1672 944 1698 coniiliis.
972 1678 1037 1698 nam
1058 1678 1187 1705 ternpore
1206 1680 1257 1700 au-

677 1704 782 1732 tumni,
793 1703 821 1731 ὅτ
832 1703 904 1730 locis
914 1709 1016 1729 natura
1026 1705 1258 1735 gravibusmul-

676 1740 708 1761 to
729 1741 822 1761 tamen
835 1736 923 1766 magis
932 1740 1014 1761 extra
1024 1735 1124 1762 urbem
1136 1752 1145 1762 .
1165 1743 1252 1767 quam

677 1767 709 1793 in
727 1766 815 1795 urbe,
839 1766 1022 1793 intoleranda
1049 1768 1091 1793 vis
1107 1767 1188 1794 :estus
1202 1775 1255 1801 per

676 1804 799 1830 utraque
817 1797 903 1824 castra
932 1800 1061 1825 omnium
1081 1798 1170 1825 ferme
1189 1806 1256 1826 cor-

677 1835 746 1860 pora
771 1830 873 1856 movit.
901 1829 931 1856 &
952 1830 1045 1861 primo
1067 1832 1204 1862 temporis
1222 1837 1258 1857 ac

676 1861 734 1888 loci
745 1861 816 1887 vitio
826 1861 854 1887 Sc
863 1862 929 1892 :egri
939 1865 1020 1886 crant
1032 1878 1040 1889 ‚
1051 1862 1080 1888 8<
1090 1862 1253 1888 morieban-

678 1899 743 1920 tur:
756 1894 851 1925 poiiea
865 1893 1055 1924 curatloipsffi
1066 1893 1094 1919 &
1105 1895 1255 1920 contaetus

679 1931 837 1955 marorum,
857 1924 986 1956 vulgabat
1006 1924 1120 1951 morbos
1134 1933 1139 1948 .·
1161 1930 1194 1951 ut
1203 1931 1254 1952 aut

679 1955 798 1988 neglesti
820 1954 1058 1991 desertiqiie‚qiii
1080 1957 1254 1986 incidiffcnt‚

679 1992 859 2014 moi-crentur
880 1995 887 2012 .-
913 1993 963 2014 aut
980 1987 1130 2014 allidentes
1153 1994 1255 2014 curau-

678 2018 790 2050 teistiue
799 2034 806 2047 ‚
819 2019 913 2045 eadem
934 2020 960 2044 vi
973 2018 1065 2044 morbi
1076 2019 1200 2052 repletos
1213 2019 1255 2045 se-

679 2057 741 2077 cum
770 2051 935 2076 traherent:
958 2050 1184 2082 quotidianaque
1205 2051 1257 2077 fu-

679 2089 747 2108 nera
766 2082 794 2109 8<
805 2088 882 2107 mors
899 2082 935 2107 eb
945 2083 1045 2107 oculos
1053 2080 1118 2107 ei‘i'et
1129 2097 1137 2108 ,
1157 2082 1185 2108 8<
1198 2088 1255 2108 un-

678 2113 766 2146 dique
784 2114 845 2140 dies
863 2112 1034 2144 noeicilme,
1054 2113 1184 2147 ploratus
1202 2120 1258 2139 au-

679 2146 821 2172 direntur.
849 2145 989 2176 postremo
1008 2145 1050 2170 ita
1077 2143 1256 2172 assuetudine

680 2177 746 2203 mali
768 2175 951 2202 efferaverant
975 2176 1104 2205 animos;
1135 2181 1168 2202 ut
1190 2182 1271 2204 non5

679 2208 765 2234 modo
775 2208 910 2239 lacrymis
923 2207 1056 2238 justoque
1075 2208 1255 2239 comploratu

678 2238 920 2270 prosequerentur
937 2243 1086 2264 mortuos:
1106 2237 1152 2265 sed
1164 2245 1200 2264 ne
1213 2239 1258 2264 ef-

679 2271 786 2297 ferrent
796 2271 911 2303 qiiiriem
924 2286 933 2297 2
950 2274 1000 2296 aut
1009 2270 1172 2301 sepelirent,
1181 2270 1258 2301 jace·

680 2308 804 2333 rentque
821 2303 906 2328 strata
924 2302 1054 2327 exanima
1078 2308 1198 2332 corpora
1221 2303 1254 2328 in

679 2332 829 2365 conspectu
857 2333 977 2359 similem
1012 2339 1133 2359 mortem
1159 2332 1256 2366 exspe-

680 2366 817 2391 stantium
832 2372 838 2389 τ
851 2365 1015 2396 mortuique
1024 2363 1196 2396 :egrosfflgri
1209 2371 1256 2390 va-

680 2398 755 2424 lidos
765 2414 773 2426 ‚
790 2403 854 2422 cum
867 2401 945 2422 metu
955 2411 964 2424 ,
985 2401 1046 2421 turn
1058 2396 1121 2421 tabe
1130 2402 1161 2422 ac
1171 2396 1257 2427 pesti·

684 2429 746 2457 fere
757 2428 849 2456 odore
856 2433 1010 2460 corporum
1019 2427 1204 2455 conficerent.
1221 2428 1256 2486 Ξ
