1414 2655
458 141 856 181 Er1·r0M13⁴

47 186 146 212 tinum
156 190 215 212 non
225 184 286 211 fine
295 184 411 217 publico
421 187 531 218 pudore
542 187 630 214 dura-

46 223 91 244 ret
103 233 112 246 ,
133 217 246 244 delatus
262 217 301 244 est
312 219 395 244 ultro
407 219 538 251 scipioni
550 218 630 244 Afri-

50 255 125 275 cano
142 250 159 275 a
176 249 277 277 senatu
305 250 474 282 populoque
495 252 628 276 Romano

52 279 239 308 consulatus:
259 287 344 312 quem
365 289 454 313 quum
475 281 519 308 illi
531 288 629 314 capere

51 312 89 338 ob
100 312 265 344 legem.quae
274 314 386 340 vetabat
394 320 566 346 quemquam
576 314 631 349 ‘itc-

54 344 119 371 n'tm
128 344 274 371 consulem
286 345 361 374 fieri,
370 352 430 371 non
440 346 550 373 liceret,
562 345 632 371 ircu-

53 375 78 402 ti
98 375 191 408 priori
210 375 381 405 consulatu,
401 377 511 409 legibus
520 377 634 404 solutus

52 407 104 433 est.
124 407 237 434 Bellum
258 407 360 435 strvile
380 409 411 435 in
423 409 637 437 Siciliaorturm

54 445 145 472 quum
163 440 286 471 opprimi
307 439 323 467 a
334 442 502 473 praetoribus
512 448 572 467 non
586 447 635 473 po-

56 470 155 497 tnifl'et
166 479 175 497 a
189 473 224 497 C.
234 472 340 498 Fulvio
349 472 461 499 consuli
472 474 638 498 mandatum

58 502 110 529 est.
128 501 214 534 hujus
236 504 306 530 belli
328 504 446 530 initium
459 504 517 531 fuit
535 505 637 530 Eunus

52 533 162 563 servus,
174 535 293 561 natione
304 537 402 567 Syrus.
420 538 481 567 qui,
492 536 639 562 contracta

57 565 210 597 agrestium
229 566 377 594 servorum
397 574 485 595 manu
496 569 523 594 S<
537 568 640 593 solutis

55 598 206 629 ergastulis
216 614 224 627 ‚
247 599 315 628 iusti
336 600 478 626 exercitus
488 606 638 625 numerum

60 629 205 665 implevit.
225 630 298 656 Cleo
317 637 434 662 qnoque
453 633 527 657 alter
544 630 642 657 servus

58 661 94 687 ad
111 661 293 694 septuaginta
311 663 403 689 millia
411 662 557 689 servorum
569 669 639 689 con-

55 693 147 719 traxit
160 699 169 725 3
185 693 214 720 St
224 694 315 726 copiis
324 695 432 725 iunctis
442 711 450 723 ‚
474 700 579 721 contra
589 701 640 726 po-

58 724 159 782 gulum
171 726 335 751 Romanum
343 727 557 759 exercitumque
568 728 641 758 ejus,

76 756 165 784 ellum
175 756 247 790 saepe
257 757 413 790 generunt.

186 821 346 857 Linat
375 822 512 856 Lvtl.

61 886 83 924 S
99 882 187 914 Cipio
198 882 355 910 Africanus
364 885 554 911 Numantiam
565 881 644 910 obse-

100 915 162 941 dit:
186 915 215 942 &
233 922 405 947 corruptum
423 917 540 943 licentia
557 916 640 942 luxu-

56 947 159 977 riaque
180 947 342 973 exercitum
361 965 369 978 ,
394 949 430 974 ad
445 947 640 974 severissimam

57 978 172 1004 militiae
182 978 363 1011 disciplinam
374 981 527 1008 revocavit.
544 980 643 1005 omnia

58 1010 229 1036 deliciarum
240 1011 432 1038 instrumenta
442 1011 546 1038 recidit
558 1019 564 1036 ε
582 1011 642 1037 duo

60 1042 153 1068 millia
164 1042 324 1069 scortorum
336 1044 431 1069 calltis
441 1044 525 1074 eiecit
535 1058 542 1071 ‚
564 1043 641 1069 mili-

62 1078 120 1099 tem
130 1074 265 1105 quotidie
276 1075 304 1100 in
315 1082 402 1106 opere
414 1076 516 1102 habuit
530 1091 537 1104 ,
549 1074 577 1109 ὃς
591 1075 642 1101 tri-

59 1105 145 1137 ginta
164 1105 278 1131 dierum
290 1106 485 1136 frumentum,
505 1106 639 1139 adlepte-

58 1142 115 1162 nos
134 1136 224 1163 vallos
243 1137 318 1163 ferre
336 1139 473 1171 cogebat:
493 1144 565 1169 aegre
578 1145 643 1169 pro-

60 1173 126 1202 prer
146 1175 221 1195 onus
241 1169 389 1197 incedenti
413 1170 546 1197 dicebat:
567 1172 640 1195 Cum

60 1199 161 1232 gladio
173 1204 202 1227 te
212 1200 317 1227 vallare
330 1201 370 1228 sci
388 1202 438 1231 ris,
449 1202 555 1228 vallum
565 1202 643 1227 ferre

62 1231 201 1258 definito.
220 1233 282 1260 Alii
303 1232 415 1261 scutum
435 1239 552 1266 parvum
563 1234 643 1269 habi-

57 1263 131 1289 liter
150 1264 256 1291 ferenti
269 1282 277 1291 ,
295 1263 407 1292 scutum
426 1266 550 1296 amplius
568 1265 645 1295 justo

56 1293 234 1327 ferrejuflit:
247 1302 339 1329 neque
349 1298 382 1325 i‹l
390 1298 418 1323 se
428 1297 647 1327 reprehendere,

62 1328 181 1359 quando
193 1328 297 1355 melius
312 1329 395 1356 scuto
406 1335 489 1361 quam
500 1329 598 1360 gladio
612 1336 644 1354 u-

63 1363 190 1386 teretur.
208 1361 305 1395 Qem
326 1361 449 1396 militem
469 1367 553 1387 eXtra
564 1361 646 1396 ordi-

65 1396 133 1417 nem
145 1391 336 1424 deprehendit
348 1408 357 1422 ,
369 1394 390 1419 ίι
406 1394 557 1419 Romanus
567 1392 644 1422 eflct,

64 1422 184 1454 vitibu53
194 1423 216 1450 fl
226 1424 517 1453 extraneus‚fustibus
527 1425 645 1452 cecidit.

87 1460 201 1482 umenta
211 1456 323 1485 omnia,
339 1462 376 1482 ne
385 1461 581 1483 exonerarent
594 1458 647 1483 mi-

80 1485 166 1516 ttem,
184 1487 329 1515 vendidit.
347 1490 424 1519 Saepe
441 1488 574 1515 adversus
582 1494 647 1514 eru-

67 1517 186 1548 ptiones
204 1519 330 1545 hostium
352 1519 477 1547 feliciter
498 1521 648 1553 pugnavit.

67 1549 178 1587 Vaccaei
189 1550 290 1577 obsefli
300 1568 308 1580 ‚
319 1551 421 1579 liberis
430 1552 460 1580 8<
472 1553 647 1585 conjugibus

67 1581 223 1607 trucidatis
231 1598 238 1610 ‚
249 1582 300 1613 ipsi
313 1583 341 1609 se
350 1583 573 1610 interemerunt.
592 1584 650 1610 sci-

67 1612 118 1645 ρίο
128 1613 296 1644 amplissima
306 1621 425 1642 munera
434 1615 488 1641 sibi
498 1617 530 1642 ab
543 1616 651 1642 Antio-

68 1644 124 1670 cho
145 1650 210 1676 rege
228 1647 316 1677 syriae
335 1647 431 1675 missa,
448 1654 536 1680 quum
558 1648 651 1674 celare

65 1675 133 1702 aliis
159 1675 381 1707 imperatoribus
405 1684 502 1711 regum
530 1686 650 1706 munera

69 1713 132 1733 mos
141 1708 209 1735 effet
219 1724 228 1736 ‚
247 1715 300 1741 pro
312 1711 456 1737 tribunali
465 1717 650 1743 accepturum

65 1738 95 1765 se
105 1739 157 1766 elle
166 1739 345 1773 dixit‚eaque
355 1744 451 1769 omnia
463 1743 570 1769 referre
576 1751 653 1776 (μικ-

67 1771 173 1809 storern
192 1771 223 1809 in
236 1773 363 1803 publicas
373 1774 594 1806 tabulasjussit:
615 1781 650 1801 cx

66 1803 123 1831 ils,
144 1810 215 1830 virts
236 1804 365 1831 fortibus
376 1807 453 1833 dona
463 1805 490 1833 se
500 1808 648 1833 daturum.

68 1835 166 1867 Quum
184 1836 315 1867 undique
325 1838 511 1864 Numantiam
524 1839 652 1865 oblidio-

67 1872 104 1893 ne
114 1867 291 1896 claufiffet&
302 1869 448 1900 oppressos
458 1869 532 1895 fame
543 1871 653 1898 videret

67 1899 166 1930 urgeri
185 1899 297 1931 hoste53
316 1900 367 1932 qui
387 1900 560 1937 pabulatum·
575 1902 652 1926 exie-

69 1934 137 1955 rant
147 1945 155 1958 ‚
172 1931 264 1956 vetuit
276 1931 404 1958 interimi
416 1939 423 1955 ι
438 1932 517 1962 quod
530 1932 650 1960 diceret,

66 1960 194 1987 velocius
202 1968 251 1988 eos
257 1962 456 1995 absumpturos
462 1961 653 1993 frumentum,

69 1993 151 2025 quod
160 1993 309 2025 haberent,
320 1994 341 2020 fi
353 1996 449 2027 plures
460 1994 590 2022 fuissent.

172 2057 332 2091 Ltuar
369 2059 539 2093 LVIII.

66 2118 138 2159 TI.
159 2119 346 2157 Sempronius
362 2122 507 2160 Gracchus
520 2122 654 2150 tribunus

112 2150 202 2183 plebis
212 2168 220 2180 ,
232 2159 320 2184 quum
333 2155 482 2184 Agrariam
494 2155 584 2187 legem
596 2155 651 2181 fer-

68 2185 114 2207 ret
134 2181 267 2210 adversus
277 2185 459 2213 voluntatem
469 2186 585 2213 senatus
596 2203 604 2215 ‚
620 2187 649 2214 Sc

67 2214 208 2245 equestris
216 2216 340 2244 ordinis,
359 2218 404 2244 Ne
413 2218 479 2249 quis
489 2224 525 2244 ex
535 2218 650 2250 publico

66 2245 582 2308 {isitiilsszfffflissaffgssffi
591 2250 655 2309 ⁹55·

69 2308 115 2333 Μ.
128 2295 247 2346 (pfl-{vio
258 2310 333 2337 colle
354 2320 391 2341 ιε,
404 2311 521 2339 cauflam
532 2299 652 2341 diversae

67 2341 327 2400 {tgrgsssrdefendem
341 2361 349 2372 ‚
362 2345 527 2375 potestatem
540 2346 602 2380 lege
613 2346 652 2371 la-

64 2402 74 2434 i
80 2378 398 2437 um‚&⁰2‡r.ngl'aufl‘ffiren
405 2376 653 2438 {gezrriltrrle’rtrihffit

67 2436 147 2465 viros
160 2437 197 2466 ad
213 2437 403 2470 dividendum
420 2447 521 2476 agrum
530 2446 652 2472 crearet.

673 192 875 225 Promulgavit
900 193 928 220 8<
946 192 1032 221 aliam
1054 195 1145 226 legem
1165 162 1258 228 Agra?-

676 225 758 254 riam,
772 232 828 256 qua
839 226 892 252 fibi
905 226 993 252 latius
1001 233 1100 262 agrum
1115 227 1254 259 pateface-

675 262 719 283 ret
731 273 739 285 ‚
759 262 793 283 ut
814 258 902 284 iidem
922 259 1069 285 triumviri
1079 260 1254 288 judicarent,

674 295 730 345 3¹³³
752 289 884 317 nublicus
895 296 960 321 ager
971 296 1028 321 qua
1037 292 1164 321 privatus
1176 291 1254 318 effer.

696 321 779 347 einde
789 328 878 352 quum
889 323 1059 356 minusagri
1069 322 1136 348 efl'et
1147 339 1155 351 ‚
1169 329 1256 355 quam

673 354 751 382 quod
765 353 856 379 dividi
868 352 967 384 posset,
977 354 1037 379 ime
1047 353 1155 381 offensa
1166 355 1254 381 etiam

672 384 763 414 plebis
778 386 937 417 (quoniam
955 391 1004 411 eos
1021 386 1057 411 ad
1066 387 1258 419 cupiditatem

671 415 799 443 amolum
827 417 944 443 modum
963 416 1099 448 sperandi
1118 418 1258 444 incitave-

674 452 716 472 rat
727 448 737 477 )
755 448 846 480 legem
864 447 892 473 se
902 449 1152 480 promulgaturum
1162 450 1261 476 osten-

675 479 719 505 dit
731 495 739 508 ,
755 485 787 505 ut
799 480 835 506 iis
845 480 896 511 qui
906 480 1072 511 Sempronia
1084 482 1148 513 lege
1156 488 1258 513 agrum

675 511 802 541 accipere
812 512 951 538 deberent
960 527 968 539 ,
979 513 1100 543 pecunia
1112 520 1174 543 quae
1184 514 1262 546 regis

680 542 768 568 Attali
782 542 873 570 titillet
884 559 891 570 ⁴¹
902 544 1091 570 divideretur.
1110 546 1259 572 Haeredem

676 580 772 600 aurem
790 575 929 606 populum
953 577 1118 602 Romanum
1135 578 1263 612 relique-

679 611 720 631 rat
733 607 857 634 Attalus.
869 613 919 632 rex
932 607 1214 639 Pergath-urnenis
1225 609 1263 634 11-

678 638 744 663 lius.
764 639 824 664 Tot
835 639 1087 670 indignationibus
1096 645 1261 667 commotus

659 679 662 688 ·
677 669 804 701 graviter
813 670 926 697 senatus
938 687 946 698 ,
958 675 1026 696 ante
1035 677 1135 697 omnes
1146 672 1178 697 P.
1190 672 1262 698 Mu-

677 703 739 727 cius
757 700 874 730 consul,
898 702 950 733 qui
971 702 1214 734 quuminsenatu
1226 704 1259 730 in

679 734 842 759 Gracchum
852 732 1015 766 perorasset,
1025 739 1124 764 raptus
1132 735 1168 761 ab
1179 742 1214 761 eo
1224 735 1262 762 ad

678 765 837 796 populum,
861 764 1032 796 delatusque
1047 767 1123 799 plebi
1136 784 1143 794 .
1165 767 1267 794 rursus

679 797 710 822 in
731 803 796 821 eum
815 803 867 828 pro
888 797 987 823 rostris
1008 799 1197 824 concionatus
1206 799 1261 825 est.

680 829 778 860 Quum
798 828 902 855 iterum
923 829 1059 855 tribunus
1069 830 1158 859 plebis
1169 829 1263 856 creari

680 862 764 886 vellet
774 861 920 887 Gracchus
931 876 938 886 .
948 861 1065 886 auclore
1075 862 1105 886 Ρ.
1120 862 1264 888 Cornelio

682 892 783 918 Nasica
793 907 801 920 ‚
826 893 855 918 in
871 892 1020 923 Capitolio
1027 892 1063 918 ab
1071 893 1265 923 optimatibus

681 922 790 950 occisus
800 924 838 949 est
852 930 859 954 ς
873 925 945 950 ictus
956 925 1079 955 primum
1092 923 1264 961 fragmentis

679 955 886 982 subselliorum:
900 956 929 982 ὃ(
941 956 968 981 in
975 962 1018 981 rer
1025 956 1163 988 alios‚qui
1173 964 1204 981 in
1217 963 1266 983 ea-

679 988 743 1013 dem
762 986 907 1013 seditione
915 988 999 1013 occili
1013 992 1116 1017 erant,
1134 986 1264 1020 insepul-

680 1024 725 1044 tus
736 1019 766 1044 in
779 1019 889 1044 flumen
902 1019 1059 1050 projeetus.
1078 1021 1135 1045 Res
1146 1025 1264 1055 praster-

675 1057 707 1076 ea
726 1051 757 1076 in
776 1050 872 1076 Sicilia
893 1051 973 1076 vario
992 1056 1098 1077 eventu
1108 1051 1261 1079 advenum

678 1082 817 1114 fugitivos
825 1082 913 1115 gestas
923 1083 1069 1109 continet.

820 1146 973 1179 annt
1001 1147 1120 1180 LIX.

681 1208 718 1245 N
733 1204 889 1232 Umantini
900 1204 973 1231 fame
984 1205 1075 1231 coast!
1087 1222 1096 1235 ,
1113 1206 1166 1238 ipfi
1176 1204 1205 1234 se
1215 1212 1266 1241 per

731 1237 821 1263 vicem
856 1237 1002 1263 tradentes
1028 1239 1267 1266 trucidaverunt-

682 1270 802 1298 Captam
822 1269 923 1294 urbem
943 1269 1039 1300 Scipio
1050 1269 1208 1298 Africanus
1218 1273 1270 1298 de·

680 1300 763 1330 levit,
772 1301 802 1327 Sc
811 1300 847 1326 de
857 1307 889 1326 ea
898 1301 1100 1334 triumphavit,
1111 1304 1270 1335 quartode-

678 1333 756 1359 cimo
775 1338 856 1358 anno
874 1333 935 1363 post
957 1334 1164 1367 Carthaginem
1186 1336 1268 1362 dele·

682 1370 752 1391 tam.
781 1364 811 1389 Ρ.
834 1365 976 1396 Rupilius
992 1366 1095 1393 consul
1115 1368 1147 1394 in
1167 1368 1268 1394 sicilia

680 1403 746 1423 cum
766 1395 899 1428 fugitivis
919 1397 1086 1424 debellavit.
1115 1399 1268 1426 Aristoni-

681 1434 747 1457 cus,
768 1428 844 1461 regis
854 1429 993 1455 Eumenis
1001 1429 1092 1458 filius,
1106 1430 1202 1457 Aliam
1215 1436 1268 1458 oc·

681 1460 796 1492 cupavit
810 1466 818 1490 ς
830 1466 920 1493 quum
931 1461 1102 1488 testamento
1115 1462 1209 1489 Attali
1222 1468 1270 1488 re·

681 1493 724 1521 eis
735 1492 828 1522 legata
841 1492 951 1525 populo
965 1494 1110 1521 Romano,
1120 1494 1214 1521 libera
1222 1494 1268 1521 ei-

682 1524 711 1551 se
723 1524 850 1551 deberet.
869 1524 1003 1550 adversus
1012 1531 1077 1551 eum
1088 1525 1118 1550 1¹.
1129 1525 1266 1553 Licinius

686 1555 798 1582 Craffns
807 1554 908 1582 consstl
919 1572 927 1584 ‚
946 1562 1034 1587 quum
1046 1556 1121 1582 idem
1132 1558 1270 1590 pontifex

686 1588 825 1614 maximus
834 1587 899 1614 esset
919 1587 1010 1619 (quod
1025 1594 1171 1620 nunquam
1184 1595 1270 1620 antea

669 1646 672 1651 ,
685 1619 791 1646 fastum
803 1620 876 1648 crat)
887 1624 970 1645 extra
982 1619 1098 1646 Italiam
1109 1620 1269 1652 profectus,

685 1651 787 1682 ortelio
821 1651 912 1677 vistns
944 1650 973 1677 St
1000 1651 1191 1684 interemptus
1216 1653 1270 1679 est.

687 1684 730 1709 M.
742 1683 884 1714 Perperna
893 1682 995 1709 consul
1008 1683 1112 1709 victum
1124 1684 1271 1711 Aristoni-

685 1721 749 1741 cum
762 1715 793 1741 ln
804 1714 985 1741 deditionem
995 1716 1115 1746 accepit.
1165 1734 1171 1739 .
1185 1716 1272 1742 Porn-

687 1747 768 1780 peius
779 1762 787 1775 .
809 1747 838 1774 &
852 1746 890 1779 Q·
903 1746 1051 1774 Metellus,
1065 1752 1136 1773 tunc
1145 1754 1272 1779 primum

685 1777 1214 1837 altenatfiigsssszssenetxtaffiffiz

687 1842 765 1868 vium
777 1843 871 1871 capita
881 1845 1008 1866 trecenta
1020 1841 1156 1868 tredecim
1167 1843 1272 1873 millia,

688 1874 842 1904 octingena
856 1872 960 1904 viginti
973 1872 1029 1899 tria
1039 1888 1047 1900 ,
1062 1878 1165 1904 prater
1175 1875 1272 1906 pupil-

688 1904 732 1930 los
751 1904 780 1930 St
801 1902 911 1930 viduas.
945 1904 983 1937 Q
1004 1904 1145 1931 Metellus
1164 1906 1267 1933 censor

688 1933 800 1961 censuit
810 1951 818 1963 ,
830 1940 863 1961 ut
875 1941 972 1961 omnes
981 1942 1154 1967 cogerentur
1164 1938 1271 1965 ducere

688 1972 794 1993 uxores
813 1967 970 1993 liberorum
991 1968 1180 1995 creandorum
1191 1969 1271 1998 caus-

690 1997 729 2025 sa.
745 2003 826 2025 extat
837 1999 932 2025 oratio
942 1999 1013 2030 eius,
1045 2005 1110 2025 uam
1124 2002 1270 2034 Augustus

689 2028 783 2057 Caesar
795 2046 803 2059 ,
823 2037 912 2062 quum
931 2031 967 2057 de
977 2036 1036 2056 mar
1051 2031 1147 2059 randis
1156 2033 1272 2060 ordini·

687 2063 739 2089 bus
746 2067 853 2094 ageret,
865 2062 944 2089 velut
955 2063 984 2088 in
996 2062 1054 2089 haec
1063 2068 1190 2097 tempora
1203 2064 1273 2091 scri,

689 2093 1273 2161 ffssaezilfiess'sslfls‘ssilii?&aarum

689 2157 855 2185 censorem.
874 2156 890 2183 a
910 2164 970 2190 quo
989 2158 1021 2183 in
1039 2157 1137 2184 senatu
1149 2158 1275 2193 legendo

694 2189 856 2221 praeterirus
865 2195 937 2220 erat,
949 2189 986 2216 de
994 2187 1062 2216 saxo
1071 2190 1159 2222 delici
1169 2192 1248 2223 justit
1262 2200 1270 2216 ε

693 2222 772 2252 quod
783 2227 819 2247 ne
830 2221 915 2248 fieret
925 2237 933 2250 ι
949 2221 1044 2248 ωτι-τί
1055 2222 1167 2249 tribuni
1180 2224 1274 2255 plebis

692 2253 804 2279 auxilio
826 2252 959 2280 fuerunt.
984 2254 1081 2291 Qum
1100 2255 1198 2281 Carbo
1217 2255 1273 2282 tri-

691 2285 786 2311 bunus
811 2285 900 2316 plebis
932 2290 1112 2315 rogationem
1140 2286 1272 2317 tulisset.

689 2321 722 2343 ut
750 2316 874 2344 eundem
891 2315 1043 2343 tribunum
1064 2317 1154 2348 plebis
1173 2334 1182 2347 ‚
1200 2325 1277 2350 quo·

694 2348 750 2375 ties
770 2347 875 2377 venet.
893 2348 984 2375 creari
1006 2348 1128 2380 liceret3
1147 2351 1274 2386 rogatio-

694 2386 759 2405 nem
769 2379 832 2410 ejus
844 2380 1035 2407 P-Afflcanus
1064 2380 1201 2408 ravissrma
1211 2388 1279 2409 ora·

689 2411 775 2438 tione
783 2410 921 2440 diffuaiit.
940 2411 1036 2445 inqua
1066 2413 1276 2442 lxit.·rl.Grac-

691 2444 778 2472 chum
796 2445 863 2478 lure
879 2442 980 2472 exesum
1000 2445 1104 2475 videri.
1130 2445 1277 2474 Gracchus

915 2475 942 2504 K
953 2476 974 2503 l<
993 2481 1008 2510 3
1176 2483 1280 2507 contra
