1414 2655
143 150 209 176 dem
231 152 262 176 to
272 147 376 176 fratris
393 152 473 177 metu
482 154 520 182 po
541 150 670 179 alaribus
680 152 732 179 esse

146 188 211 214 coep
227 187 248 209 t:
261 181 290 210 8<
302 182 471 209 violentiam
481 183 512 209 in
527 187 599 209 itam
609 184 730 216 ingenio

143 213 238 240 intem
250 214 372 249 ‚erantia
381 215 444 241 vini
454 215 732 243 accendebanczete-

145 251 223 275 mm,
247 252 308 272 icut
318 250 384 273 ante
395 246 505 273 dictum
517 249 556 273 est
567 264 575 276 ‚
585 248 621 274 ad
627 249 731 275 Roma-

137 282 213 303 num
225 278 364 305 incitatus
375 278 482 305 bellum
494 296 502 307 ‚
511 278 622 314 pifl‘nm
632 286 731 308 omnes

136 310 235 341 copias
245 310 572 343 contraxitzquindecim
583 311 676 339 millia
685 319 731 338 ar-

139 346 284 378 matorum
296 342 428 369 fuerunt.
451 343 521 369 lude
533 343 622 370 fratre
631 344 660 369 in
672 345 727 370 Ca-

140 378 257 400 vlorum
280 379 396 406 gentem
415 375 443 401 vi
463 379 512 400 aut
532 380 642 401 terrore
650 374 727 402 subi·

141 405 264 437 gendum
283 414 347 433 cum
357 407 438 432 mille
448 407 627 442 peditibus&
638 408 723 440 quin-

160 438 279 469 uaginta
289 438 437 469 equitibus
447 438 551 467 missod
572 439 600 464 ie
611 440 646 465 ad
658 439 726 465 Bas-

154 471 248 508 anian]
257 471 358 496 urbem
370 473 502 502 quinque
511 447 604 497 misna
613 473 647 497 ab
660 472 726 497 Lis-

135 500 168 527 so
179 502 351 528 ducnt.socii
361 507 445 529 erant
459 504 725 529 Romanorum.ita-

137 539 195 565 que
235 540 264 559 er
275 533 371 561 miffos
383 535 506 561 nuncios
517 535 597 566 prius
606 536 723 565 tentati,

123 540 319 592 obsidionem
344 567 404 598 pati
431 573 516 604 quarn
535 567 642 605 dedere
665 567 723 604 scie

137 598 316 624 maluerunt.
342 600 547 625 Caravantium
572 605 603 624 m
627 600 723 627 Caviis

137 629 289 656 Durnium
312 630 451 661 oppidum
463 630 664 657 advenientem
676 631 724 657 be-

137 661 228 694 nigne
239 662 348 692 accepit
359 670 366 687 :
380 664 548 689 Caravantis
556 663 647 689 altera
655 664 724 690 urbs

137 694 275 720 excunit.
292 693 321 720 8<
333 700 421 726 quum
433 701 514 727 agros
524 701 626 720 eorum
635 694 723 721 effuse

140 726 263 752 vastaret
273 741 281 753 ,
299 726 417 761 aliquot
428 727 516 757 palati
527 727 633 762 milites
643 733 659 753 a
682 734 725 753 re·

139 757 226 784 stium
244 760 387 785 concursu
404 759 552 785 interr‘csti
562 760 641 784 lunt.
679 766 723 785 am

141 789 172 816 St
193 791 250 820 Ap.
263 790 404 816 Claudius
413 806 420 818 ‚
443 790 600 819 adsumptis
609 792 722 817 adeum

139 823 301 848 exercitum
313 828 396 859 quem
406 822 524 848 habebat
536 822 722 851 Bulinorum,

138 852 170 881 Sc
186 854 424 886 Apolloniatium
435 870 442 881 ‚
463 854 493 880 St
505 855 723 886 Dyrrhachino-

140 892 207 911 rum
224 886 343 911 auxiliis
352 902 359 914 ‚
379 885 524 917 profectus
534 892 570 911 ex
581 886 721 916 hibernis,

135 917 212 943 circa
225 916 395 944 Genusuum
413 924 526 944 amnem
545 919 632 944 castra
641 918 724 944 habe-

139 949 189 975 bat
203 955 211 980 ;
228 950 333 977 audito
355 949 464 976 foedere
483 950 513 975 in
519 954 562 976 ter
582 948 681 976 Persea
693 950 722 977 &

138 981 280 1017 Gentium
292 997 299 1010 ‚
323 980 353 1008 Sc
372 981 535 1013 legatorum
548 981 723 1007 violatorum

140 1012 252 1045 injuria
263 1012 394 1039 accensus
404 1029 412 1040 ,
432 1013 538 1040 bellum
549 1013 626 1039 haud
637 1013 723 1040 dubie

137 1044 273 1072 adversus
284 1051 348 1071 eum
359 1045 500 1077 gesturus.
519 1046 640 1072 Anicius
650 1046 725 1070 Prae-

138 1082 190 1104 tor
209 1083 245 1103 eo
264 1082 395 1109 tempore
407 1077 574 1107 Apolloniae
587 1093 594 1106 ‚
615 1078 726 1104 auditis

138 1115 204 1145 quae
216 1109 247 1135 in
258 1109 382 1140 Illyrico
392 1115 562 1141 gererentur
576 1108 725 1144 &pi-:emis-

137 1140 234 1200 irstpxe
244 1142 280 1168 ad
291 1141 418 1173 Appium
428 1141 531 1169 literis,
541 1146 574 1167 ut
583 1144 611 1167 ie
621 1142 658 1167 ad
668 1142 726 1166 Ge-

138 1179 180 1200 nu
196 1179 266 1199 uum
287 1174 471 1205 opperiretur
483 1190 491 1201 .
512 1173 652 1199 triduo&
664 1172 724 1204 ipse

137 1205 171 1232 in
183 1206 273 1231 castra
282 1206 364 1231 venit
376 1213 383 1231 :
401 1205 430 1231 8<
440 1205 475 1231 ad
487 1211 519 1231 ea
531 1212 593 1236 quae
605 1205 723 1232 habebat

135 1237 248 1263 auxilia
260 1253 269 1267 ‚
287 1236 436 1268 affumptis
458 1237 666 1263 Parthinorum
678 1239 724 1268 ju-

130 1269 266 1296 ventutis
293 1269 407 1295 duobus
424 1268 554 1295 millibus
573 1269 703 1300 peditum
716 1285 723 1298 ,

136 1301 169 1329 8<
178 1301 327 1333 equitibus
337 1301 478 1328 ducentis,
489 1302 647 1332 (peditibus
659 1301 726 1334 Epi-

137 1333 226 1360 cadus
235 1350 243 1363 ,
260 1333 410 1364 equitibus
430 1331 550 1365 Agalsus
571 1338 700 1365 praeerat,
714 1334 724 1364 )

139 1365 257 1397 parabat
267 1365 371 1391 ducere
382 1365 413 1390 in
425 1365 586 1396 Illyricum,
597 1365 725 1391 maxime

134 1402 172 1424 ut
194 1396 351 1423 Bassanitas
368 1395 493 1423 solveret
501 1396 663 1423 obsidione.
682 1401 726 1423 te-

139 1428 209 1456 nuit
232 1429 372 1461 impetum
393 1428 455 1459 ejus
476 1428 550 1454 fama
564 1429 724 1455 lemborum

138 1460 311 1487 vastantium
333 1460 507 1486 maritimam
526 1466 619 1486 oram.
637 1460 725 1486 Osto-

137 1494 221 1527 ginta
229 1497 315 1519 erant
323 1492 421 1519 lembi,
432 1492 549 1518 austore
559 1493 724 1519 Pantaucho

139 1524 216 1552 mifli
234 1523 250 1550 a
268 1524 380 1550 Gentio
397 1524 433 1550 ad
452 1524 725 1556 Dyrrhachinorum

139 1556 172 1584 ὃς
192 1556 431 1593 Apolloniatium
440 1562 525 1590 agros
533 1556 724 1590 populandos.

141 1589 221 1616 Tum
231 1588 325 1628 clafljs
334 1588 371 1615 ad

174 1653 248 1683 Cap.
265 1653 329 1678 XX
340 1652 401 1678 XI.
426 1655 462 1678 to
482 1656 518 1679 eo
537 1652 726 1679 tradiderunt

140 1684 191 1711 se:
210 1684 346 1716 deinceps
364 1684 395 1711 δε
414 1684 500 1720 urbes
517 1684 648 1717 regionis
663 1685 728 1714 ejus

141 1717 221 1744 idem
227 1716 384 1744 faciebant,
393 1716 548 1747 adjuvante
557 1716 726 1743 inclinatio-

138 1755 207 1775 nem
229 1748 395 1775 animorum
414 1748 571 1774 clementia
582 1748 613 1775 in
624 1754 723 1774 omnes

137 1781 170 1808 Bt
180 1780 292 1812 iustitia
301 1780 435 1812 praetoris
444 1780 581 1805 Romani.
603 1780 650 1806 Ad
664 1781 730 1806 Sco·

137 1813 222 1839 dram
235 1812 304 1839 inde
313 1816 431 1838 ventum
441 1811 483 1838 est
493 1827 502 1841 ‚
523 1812 554 1838 id
567 1812 648 1843 quod
661 1811 729 1838 belli

137 1848 228 1876 caput
247 1843 364 1871 fuerat:
385 1849 447 1869 non
469 1850 504 1869 eo
514 1843 607 1870 solum
621 1859 629 1872 ‚
647 1845 726 1875 quod

139 1876 271 1902 Gentius
279 1882 341 1903 eam
351 1875 404 1902 fibi
414 1880 527 1907 ceperat
537 1892 545 1904 ‚
554 1875 633 1902 velut
643 1876 725 1906 regni

140 1909 236 1935 totius
248 1914 353 1937 arcem,
371 1907 420 1933 sed
431 1908 517 1933 etiam
527 1908 608 1938 quod
620 1907 727 1934 Labea-

137 1939 216 1967 tium
232 1940 329 1972 gentis
347 1938 536 1966 munitissima
548 1939 634 1970 longe
645 1940 686 1965 est
695 1940 726 1966 8<

136 1971 273 1999 difficilis
299 1971 396 1997 aditu.
428 1971 498 1996 Duo
519 1971 644 2003 cingunt
664 1976 725 1997 eam

139 2003 267 2030 flumina
278 2019 287 2032 ‚
299 2001 434 2029 Clausala
444 2002 534 2029 latere
543 2003 635 2029 urbis.
645 2003 723 2036 quod

138 2035 174 2063 in
184 2036 326 2062 orientem
339 2038 419 2068 patet
432 2034 588 2073 praefluens
597 2050 605 2062 ,
619 2035 726 2061 Barba-

142 2069 182 2094 na
201 2067 237 2094 ab
252 2067 370 2099 regione
379 2066 538 2093 occidentis
547 2072 583 2092 ex
593 2066 728 2093 Labeati—

139 2099 180 2126 de
199 2099 303 2131 palude
312 2099 423 2125 oriens.
442 2097 473 2124 hi
482 2098 543 2125 duo
552 2103 649 2124 amnes
657 2105 726 2125 con-

137 2131 268 2158 fluentes
285 2130 426 2157 incidunt
446 2130 575 2156 Oriundi
586 2130 722 2157 flumini:

160 2164 220 2190 uod
229 2168 329 2190 ortum
340 2168 376 2189 ex
386 2166 487 2188 monte
496 2161 614 2190 scodrm
625 2163 727 2189 multis

190 2195 257 2221 aliis
275 2194 390 2221 austum
410 2194 494 2226 aquis
512 2194 583 2220 marl
602 2194 725 2220 Hadria-

134 2227 199 2253 tlco
219 2226 359 2254 infertur.
387 2226 476 2252 Mons
495 2226 619 2253 scodrus
639 2225 725 2258 longe

135 2257 290 2286 altissimus
309 2258 435 2290 regionis
455 2258 536 2289 ejus.
557 2257 592 2283 ab
610 2257 725 2284 oriente

138 2290 318 2316 Dardaniam
328 2289 480 2320 subjectam
492 2289 576 2316 habet
586 2306 595 2317 ,
614 2290 629 2315 ὲ
641 2290 724 2316 merl-

138 2322 189 2348 die
209 2322 410 2349 Macedoniam
425 2337 433 2350 ‚
453 2323 488 2348 ab
509 2321 609 2348 occasu
622 2322 726 2354 lllyri-

139 2358 217 2380 cum.
235 2354 408 2388 Quanquam
431 2354 576 2380 munitum
596 2353 654 2381 {itu
674 2360 724 2379 na-

139 2385 230 2415 turali
239 2387 380 2421 oppidum
392 2390 454 2415 erat
462 2402 472 2418 ‚
481 2384 610 2420 gensque
619 2386 651 2415 id
661 2389 726 2417 tota

611 105 656 139 Τ.
700 106 904 143 Lrvu

776 154 948 186 lllyriorum
967 154 998 182 8<
1015 158 1065 182 rex
1075 153 1136 188 lpse
1144 154 1297 190 tuebatur-3
1316 161 1362 185 ta-

777 192 842 222 men
864 192 973 217 praetor
993 189 1160 217 Romanus,
1180 189 1249 221 quia
1267 189 1361 223 prima

776 218 962 246 lucceflerant
974 218 1110 252 prospere
1120 236 1129 250 ,
1152 219 1303 249 fortunam
1313 228 1360 248 to·

778 250 838 277 rius
857 252 899 277 rei
921 251 1065 290 prinqipia
1084 252 1245 279 secuturam
1254 252 1306 281 effe
1314 259 1360 280 ra-

775 287 823 309 tus
835 300 843 313 ‚
854 282 884 311 ὃ(
897 288 1081 315 repentinum
1091 284 1252 311 valiturum
1262 290 1359 312 terro-

772 320 834 371 }em
851 314 1027 373 ‚dimin-ueto
1044 317 1172 343 exercitu
1191 317 1228 343 ad
1249 317 1358 344 moenia

788 353 856 373 ucce
880 352 914 373 tt.

772 442 918 469 moenibus
927 442 1098 479 pepulifl‘ent
1108 445 1264 470 Romanos.
1277 450 1360 473 nunc

769 479 858 510 porta
875 474 974 506 egrefll
986 475 1116 507 praelium
1127 475 1192 502 loco
1203 482 1285 508 aequo
1295 482 1355 503 ma-

767 512 832 543 Jpre
842 508 941 533 animo
951 506 1157 534 commiserunt
1169 523 1178 535 ‚
1197 514 1282 539 quam
1294 507 1356 536 suf-

766 542 935 565 ttnuerunt.
963 538 1042 565 Pulli
1062 539 1139 565 enirn
1149 538 1178 567 St
1189 538 1262 572 fuga
1274 546 1347 566 con·
1359 549 1361 551 ·

769 569 880 601 globati
899 586 907 598 ‚
926 576 1017 601 quum
1035 571 1155 597 ducenti
1173 571 1299 603 amplius
1316 571 1364 599 in·

769 602 838 632 ipfis
848 602 979 629 saucibus
990 607 1080 634 portae
1091 603 1255 630 cecidissent
1265 619 1274 632 ‚
1288 608 1355 630 tan·
1374 601 1378 606 ’

933 348 1021 380 Quod
1039 347 1062 373 fi
1079 348 1181 374 clauiis
1193 349 1286 380 portis
1295 356 1371 379 mu-.

772 384 820 404 ros
830 383 1036 410 portarumque
1045 384 1141 406 turres
1149 380 1296 412 dispositis
1307 387 1355 407 ar·
1365 387 1374 402 τ

770 411 855 437 matis
864 410 1041 437 defendissen
1047 416 1068 439 t,
1080 418 1154 437 vano
1162 418 1226 439 cum
1238 412 1358 445 incepto
1367 415 1370 419 '

766 637 831 659 tum
849 634 1016 660 intulerunt
1026 640 1167 661 terrorem
1179 651 1187 663 ‚
1207 640 1241 662 ut
1252 640 1353 662 orato·
1391 662 1394 667 ,

769 670 813 691 res
831 666 978 696 extemplo
998 666 1034 692 ad
1054 671 1206 698 praetorem
1216 667 1352 694 mltteret

767 698 893 724 Gentius
903 698 1060 725 Teuticum
1072 698 1101 725 8c
1113 699 1226 724 Bellum
1237 714 1246 728 ‚
1267 699 1352 731 prin-

765 729 840 760 cipes
849 730 945 761 gentis
954 747 962 758 ,
985 736 1034 762 per
1046 736 1118 761 quos
1128 730 1258 756 inducias
1268 735 1348 763 pete-

767 766 821 789 ret,
832 767 866 788 ut
876 762 1035 787 deliberare
1044 763 1081 789 de
1091 762 1166 789 statu
1177 769 1272 788 rerum
1284 762 1351 790 stla-

766 799 832 818 rum
857 792 956 825 posset.
990 794 1104 820 Triduo
1131 794 1161 819 in
1182 794 1238 819 hoc
1257 794 1326 821 dato
1335 810 1346 824 ‚
1360 815 1362 821 .

765 831 854 855 quum
867 825 956 851 castra
964 826 1096 851 Romana
1105 825 1282 857 quingentos
1292 824 1351 852 fer·-

767 862 810 881 me
851 857 923 883 assus
941 857 976 882 ab
994 857 1065 883 urbe
1085 857 1210 884 abessent
1220 874 1228 886 ‚
1248 862 1349 884 navem

764 894 819 913 con
836 889 953 918 cendit,
972 888 1002 916 &
1023 889 1145 914 flumine
1159 890 1358 917 Barbananv.

767 920 845 951 vigat
867 920 900 946 in
912 922 1005 947 lacum
1014 921 1171 947 Labeatum
1187 927 1194 952 ς
1213 921 1293 947 velut
1306 919 1349 947 se-

765 958 874 978 cretum
897 952 993 978 locum
1014 958 1113 984 petens
1133 953 1169 979 ad
1183 953 1352 979 confultan-

764 983 854 1009 dum:
870 982 918 1011 sed
929 1000 936 1012 ‚
960 989 992 1009 ut
1003 984 1149 1015 apparuit,
1161 983 1232 1011 falsa
1244 985 1291 1016 spe
1301 990 1351 1011 ex-

763 1016 840 1041 citus
858 1032 867 1044 ‚
888 1015 1091 1042 Caravantium
1113 1016 1230 1042 fratrem
1249 1016 1352 1043 multis

764 1047 895 1074 millibus
902 1052 1078 1074 armatorum
1088 1048 1157 1075 assis
1168 1054 1203 1073 ex
1213 1054 1244 1074 ea
1255 1048 1352 1079 regio·

769 1085 805 1105 ne
815 1093 824 1107 ‚
843 1080 874 1105 in
887 1085 973 1111 quam
983 1079 1080 1106 mistus
1090 1086 1151 1106 erat
1162 1096 1170 1109 ‚
1182 1081 1349 1107 adventare.

763 1111 814 1142 qui
828 1111 974 1143 postquam
986 1111 1103 1137 evanuit
1114 1118 1211 1137 rumor
1221 1128 1230 1141 ,
1256 1112 1348 1138 tertio

766 1143 826 1174 post
838 1143 887 1169 die
896 1148 994 1169 navem
1002 1143 1124 1178 eandem
1135 1143 1261 1171 secundo
1269 1142 1347 1169 amni

765 1176 901 1202 scodram
911 1175 1024 1201 demillt
1038 1183 1044 1200 ε
1059 1174 1261 1206 praemiflil‘rrue
1271 1180 1350 1200 nun-

762 1207 825 1235 ciis,
839 1212 872 1233 ut
882 1206 934 1233 fibi
948 1207 1112 1239 appellandi
1125 1208 1358 1239 prvetorispote-¹
1377 1219 1380 1226 ·

766 1239 819 1265 stas
828 1238 912 1264 fieret
925 1245 933 1269 ;
951 1239 1033 1267 copia
1044 1238 1117 1265 faeta
1127 1255 1136 1267 ‚
1157 1239 1187 1265 in
1201 1239 1290 1265 castra
1300 1243 1347 1264 ve·
1373 1251 1377 1254 ⁴
1390 1244 1393 1251 “

765 1271 821 1296 nit.
839 1271 878 1295 Et
899 1270 1073 1302 principium
1092 1271 1237 1297 orationis
1257 1270 1292 1297 ab
1301 1276 1348 1297 ac·
1388 1275 1390 1277 ’

767 1301 917 1329 curatione
926 1302 1056 1329 stultitia
1069 1301 1150 1329 orsus
1158 1304 1222 1331 ωε,
1240 1303 1348 1334 postre-
1376 1320 1390 1330 „v

771 1341 818 1359 mo
845 1334 882 1360 ad
901 1339 996 1365 preces
1018 1334 1204 1366 lacrimasque
1223 1333 1328 1361 effatus
1337 1349 1349 1364 ,

766 1366 888 1397 genibus
910 1366 1041 1401 p—raetoris
1056 1366 1187 1393 accidens
1198 1381 1206 1395 2
1224 1367 1255 1392 in
1268 1370 1351 1398 pote·

765 1400 864 1424 statem
886 1397 944 1424 seie
962 1398 1054 1424 dedit.
1089 1398 1186 1425 Primo
1202 1413 1211 1426 2
1239 1398 1348 1424 bonum

765 1430 894 1456 animum
905 1429 1104 1461 haberejussus
1113 1447 1120 1458 .
1137 1430 1175 1463 ad
1184 1436 1294 1456 coenam
1307 1434 1351 1457 et·

764 1462 821 1487 iam
839 1461 981 1488 invitatus
990 1477 998 1490 ‚
1023 1463 1053 1487 in
1065 1462 1164 1487 urbem
1175 1462 1210 1487 ad
1221 1462 1288 1488 suos
1298 1468 1343 1497 re-

765 1494 822 1520 diit
833 1509 840 1521 ‚
852 1493 881 1520 δε
891 1499 955 1519 cum
969 1499 1090 1524 praetore
1099 1499 1134 1519 eo
1143 1493 1190 1519 die
1202 1493 1350 1519 honorifi-

766 1532 797 1552 ce
806 1525 844 1551 est
856 1527 988 1554 epulatus
1001 1533 1007 1550 :
1027 1524 1136 1551 deinde
1146 1526 1176 1551 in
1187 1524 1344 1551 custodiam

766 1558 800 1582 0.
813 1557 906 1583 cas-{io
925 1557 1047 1583 tribuno
1067 1557 1194 1583 militum
1212 1556 1348 1587 traditus,

767 1590 817 1616 vix
856 1589 1012 1616 ladiatorio
1022 1595 1137 1627 accepto
1148 1590 1241 1615 decem
1252 1588 1347 1615 talen-

767 1622 804 1648 tis
817 1627 845 1679 {l
875 1626 941 1653 rege
950 1626 1001 1647 rex
1011 1636 1019 1649 ‚
1041 1626 1074 1648 ut
1085 1627 1115 1647 m
1127 1627 1187 1647 earu
1199 1620 1350 1648 fortunam

768 1659 826 1680 reci
849 1658 922 1679 eret.

800 1686 873 1717 Cap.
905 1685 931 1710 X
942 1685 967 1709 X
978 1686 1003 1710 X
1014 1685 1028 1711 Ι
1038 1686 1062 1711 1.
1097 1684 1221 1711 Anicius
1245 1683 1354 1719 Scodra

768 1723 831 1743 rece
853 1723 881 1743 ta
892 1733 900 1745 ‚
924 1717 1002 1743 nihil
1014 1717 1094 1747 prius
1104 1722 1188 1749 quam
1200 1716 1354 1749 requisitos

768 1750 830 1775 Peti
847 1750 906 1775 ium
919 1749 1148 1780 perpetuamque
1158 1747 1267 1781 legatos
1275 1748 1311 1774 ad
1323 1746 1353 1773 st

767 1781 835 1808 duci
853 1780 952 1811 justit:
971 1778 1299 1812 quibussplendoresuo
1309 1785 1357 1806 re-
1377 1784 1379 1786 ·

771 1813 876 1839 stituto
886 1829 894 1840 ‚
916 1812 1088 1844 Perpernam
1097 1812 1246 1843 extemplo
1258 1811 1355 1838 mittit

771 1845 805 1871 ad
829 1844 1114 1876 comprehendendos
1130 1844 1236 1870 amicos
1244 1849 1353 1876 cogna-

770 1874 872 1908 tosque
894 1876 969 1908 regis
986 1881 995 1906 ;
1013 1877 1065 1907 qui
1085 1875 1277 1902 Mededonem
1295 1876 1353 1902 La-

769 1909 893 1935 beatium
902 1909 996 1940 gentis
1007 1908 1105 1934 urbem
1113 1906 1261 1939 profectus
1272 1922 1282 1934 ‚
1293 1907 1355 1934 Et-

769 1941 859 1967 levam
886 1945 1006 1965 uxorem
1033 1946 1097 1965 cum
1125 1939 1197 1966 filiis
1215 1938 1352 1969 duobus,
1384 1946 1395 1958 ⁴

773 1972 931 1998 scer-dileto
941 1972 1136 2003 Pleuratoque
1145 1987 1153 2000 ‚
1167 1971 1196 1998 Sc
1207 1972 1354 1997 Caravan-

772 2005 846 2030 tium
866 2004 983 2030 fratrem
1006 2004 1138 2030 scodram
1161 2003 1192 2029 in
1203 2002 1290 2029 castra
1302 2002 1354 2030 ad-
1387 2003 1393 2027 ἰ

769 2035 994 2063 duxit.Anlcius
1008 2035 1084 2061 bello
1094 2035 1199 2065 Illyrio
1209 2034 1287 2061 intra
1298 2035 1355 2061 tri-

769 2068 854 2101 ginta
872 2067 934 2094 dies
943 2066 1089 2099 perfesto,
1111 2066 1249 2092 nuncium
1261 2066 1352 2092 visto-

771 2101 820 2126 riae
831 2100 1001 2130 Perpernam
1013 2100 1136 2126 Romam
1147 2097 1232 2124 milit:
1243 2098 1273 2125 Sc
1285 2098 1350 2129 post

774 2132 836 2158 dies
861 2136 965 2163 paucos
981 2131 1122 2157 Gentium
1142 2136 1236 2162 regem
1254 2129 1349 2162 ipsum

771 2170 835 2190 cum
848 2167 975 2195 parente,
987 2163 1121 2194 conjuge,
1133 2162 1242 2191 liberis,
1253 2168 1285 2188 ac
1293 2161 1355 2188 fra·

771 2201 816 2221 tre
827 2211 835 2224 ‚
846 2193 968 2227 alllsque
977 2194 1155 2227 principibus
1167 2194 1351 2226 Illyriorum.
1394 2202 1410 2219 .·

773 2228 836 2253 Hoc
861 2232 951 2253 unum
972 2226 1080 2252 bellum
1100 2227 1181 2258 prius
1202 2231 1352 2259 perpetra·
1391 2234 1397 2265 {¹

773 2263 851 2288 tum,
867 2264 951 2290 quam
963 2264 1097 2288 coeptum,
1110 2259 1209 2285 Romae
1218 2258 1353 2286 auditum
1388 2280 1390 2283 ,

772 2290 823 2317 est.
850 2290 963 2323 Quibus
979 2290 1081 2317 diebus
1102 2290 1161 2317 haec
1171 2291 1330 2322 agebantur
1341 2305 1352 2320 ‚
1393 2292 1396 2298 ’

772 2321 888 2349 Perseus
911 2328 1029 2355 quoque
1054 2323 1085 2349 in
1113 2328 1156 2348 ma
1177 2328 1216 2349 no
1239 2327 1356 2349 terrore
1380 2327 1382 2329 ·

773 2359 833 2382 erat
844 2370 853 2383 ‚
867 2359 985 2387 propter
995 2354 1152 2382 adventum
1174 2354 1242 2380 tmul
1256 2353 1352 2381 AEmi-

769 2387 804 2417 lll
815 2386 887 2415 novi
897 2385 1026 2415 confluis
1036 2402 1044 2419 ,
1054 2392 1139 2421 quem
1149 2393 1213 2417 cum
1223 2385 1354 2420 ingenti-
1384 2391 1385 2394 ¹

1295 2417 1350 2445 but

1388 1871 1411 1996 ³-725'Q5wv
1391 1795 1409 1863 «ρ’-Ἅι
1404 1756 1406 1761 -
