1414 2655
413 104 445 139 L
474 115 488 139 i
515 115 537 139 a
562 111 587 137 ι
610 112 638 138 ι
681 95 937 141 x'xxvitt.

67 152 105 181 ad
125 152 207 180 tanta
226 150 334 179 lunera
351 148 524 179 suffecissent
543 152 554 183 )
583 156 646 177 cum

5 187 34 203 ⁴¹*
70 186 187 220 duobus*
204 184 332 211 millibus
351 184 526 219 Athenaeum
541 200 548 212 ,
567 183 646 215 quod

7 230 22 243 ,ι
70 223 163 243 unum
181 224 197 242 a
218 216 348 248 praesidio
367 217 419 242 luo
429 219 575 241 retentum
587 214 646 242 fue·

21 256 23 258 ·
68 254 115 275 rat
128 266 136 279 ,
156 249 296 281 pervenit.
314 247 384 274 inde
402 247 542 279 proximis
552 252 645 273 tenta·

3 279 21 307 ⁶:
70 282 109 308 tis
120 297 128 308 »
147 287 236 313 quum
249 279 334 307 facile
345 277 585 305 animadvertifiet
596 285 646 304 ςπ-

71 318 132 339 tera
151 312 268 339 hostilia
288 310 527 348 weg-Gomphos
538 308 644 343 regres-

71 344 119 371 sus
130 360 139 372 ‚
156 344 290 370 omnibus
309 349 397 373 copus
416 342 501 368 simul
512 343 542 368 in
553 341 644 368 Atha-

73 376 195 403 maniam
215 375 309 402 rediit.
328 375 477 400 Zenonem
495 373 565 399 inde
582 380 645 399 cum

69 408 151 435 inme
161 407 304 440 peditibus
314 405 483 439 praemiffum
495 405 647 436 Ethopiam

70 446 209 470 occupare
217 440 300 469 jubet
310 454 319 468 ,
330 443 492 469 opportune
502 438 648 469 Argitheae

71 472 268 498 imminentem
281 486 289 499 ,
307 475 390 502 quem
400 469 451 494 ubi
462 471 555 495 teneri
566 468 581 495 a
591 466 650 495 suis

69 504 177 530 locum·
188 502 275 532 vidit,
298 500 356 533 ipse
364 500 438 527 circa
449 501 584 538 templum
596 501 649 533 Jo-

70 536 114 562 vis
135 535 225 561 Acraei
253 532 352 567 posuit
374 532 472 559 castra.
499 532 542 558 ibi
558 539 649 559 unum

70 567 149 595 diem
170 566 249 592 foeda
259 564 422 597 tempestate
433 568 562 590 retentus
573 581 582 594 ‚
600 571 650 597 po-

73 599 150 625 stero
161 598 209 625 die
217 599 321 623 ducere
329 596 365 622 ad
377 596 544 627 Argitheam
555 597 650 622 inten-

70 631 126 657 dit.
155 630 301 656 Euntibus
326 633 419 654 eXtem
442 628 472 653 lo
498 634 652 659 apparuere

72 662 266 689 Athamanes,
290 660 320 686 in
342 665 424 686 tumu
438 665 470 684 os
498 660 651 685 imminen-

70 699 115 721 tes
124 695 174 720 viae
183 692 386 721 discurrentes.
404 691 439 717 ad
450 697 573 726 quorum
583 697 652 717 con-

71 725 200 758 spectum
218 724 371 750 constitere
392 723 482 753 prima
491 724 589 754 ligna,
608 728 648 748 to-

71 762 166 789 toque
189 756 299 789 agmine
325 761 412 787 pavor
436 754 466 780 &
493 754 650 785 trepidatio

74 793 154 815 erat:
173 788 202 816 δε
213 795 265 817 pro
277 786 304 813 se
312 786 441 821 quisque⁷
453 786 589 817 quidnam
602 785 648 811 fu-

74 825 173 847 turum
183 819 259 848 estet,
267 819 405 850 cogitare.
417 818 438 842 ii
451 818 480 843 in
493 818 578 843 valles
587 818 650 843 sub-

73 852 161 883 sectas
186 851 304 883 rupibus
330 857 345 875 a
366 855 437 886 men·
449 849 527 875 foret
548 849 650 876 demis-

73 882 148 911 sum.
174 884 241 910 Haec
267 888 348 909 tumu
364 886 459 907 tuatio
488 887 581 913 regem
600 888 649 907 cu.

72 916 200 949 pientem
211 931 220 942 .
238 914 260 940 {i
279 914 307 941 se
318 912 507 946 sequerentur
519 929 526 941 ‚
544 914 650 945 raptim

73 948 194 974 evadere
211 947 353 978 angustias
366 961 374 973 ,
391 951 522 971 revocare
533 946 650 979 primo-s,

71 979 102 1006 δε
122 980 216 1005 eadem
226 985 282 1011 qua
290 981 406 1003 venerat
417 977 461 1003 via
470 976 579 1003 referre
587 984 650 1002 coe-

72 1011 118 1042 git
136 1011 157 1037 ti
177 1016 222 1037 na.
251 1010 427 1037 Athamanes
445 1009 537 1039 primo
559 1009 653 1034 exin-

72 1019 195 1069 tervafio
214 1042 305 1073 quieti
315 1040 525 1077 sequebantur:
546 1040 651 1072 postea-

73 1081 160 1107 quam
179 1074 274 1101 AEtoli
294 1074 322 1099 se
333 1077 551 1103 conjunxerunt
563 1088 571 1101 ‚
588 1072 650 1100 hos,

74 1111 110 1132 ut
127 1106 162 1132 ab
181 1111 262 1138 tergo
278 1105 386 1136 agmini
408 1104 545 1130 instarent
556 1120 565 1131 2
583 1105 650 1130 reli—

72 1143 222 1168 querunt;
241 1137 292 1169 ipsi
313 1135 329 1163 ἐι
347 1136 484 1163 lateribus
494 1134 521 1161 se
529 1135 649 1162 circurn-

76 1168 230 1196 fuderunt.
257 1168 374 1201 quidam
392 1174 440 1203 per
459 1173 545 1193 notos
564 1167 648 1194 calles

75 1200 205 1228 breviore
213 1201 257 1227 via
269 1198 417 1233 praegressi,
426 1200 564 1225 transitus
574 1199 646 1225 inse-

72 1233 140 1259 dere
151 1241 159 1259 .-
176 1238 348 1264 tantumque
358 1231 503 1257 tumultus
515 1232 648 1267 Macedo·

71 1265 158 1292 nibus
166 1266 206 1291 est
215 1264 352 1296 injectum
363 1279 371 1292 ‚
382 1267 417 1289 ut
427 1262 500 1294 fugae
512 1264 599 1295 magis
608 1266 651 1289 er-

70 1295 141 1322 fusae
151 1313 160 1325 ,
179 1304 264 1329 quam
287 1294 401 1322 itineris
411 1295 539 1321 ordinati
549 1295 645 1324 modo,

696 156 731 176 ne
756 151 788 177 in
810 152 988 179 deditionem
1017 150 1108 178 venit.
1142 121 1276 186 nolopeg

698 188 846 215 nunquam
858 184 1028 210 AEtolorum
1047 182 1186 212 fuerant:
1206 188 1275 215 Phi·

695 214 766 247 lippi
786 221 880 242 erant.
898 215 928 242 hi
939 216 1063 247 primum
1070 216 1107 243 ad
1119 223 1196 244 arma
1206 226 1278 246 coti.

694 252 850 284 currerunt
881 255 888 273 :
922 253 1057 284 caeterum
1090 249 1274 286 posteaquam

695 278 904 309 Amphilochos
921 286 984 306 cum
1002 278 1111 306 AEtolis
1130 280 1182 307 effe
1200 298 1210 311 ‚
1229 282 1278 309 fli-

695 316 813 342 gamque
837 316 873 337 ex
892 311 1065 337 Athamania
1076 311 1225 344 Philippi,
1242 315 1275 342 se

695 342 798 379 caedem
810 343 933 372 praesidii
943 343 1003 374 ejus
1012 349 1145 375 accepere
1153 360 1162 372 ‚
1179 344 1209 372 St
1219 347 1275 377 ipfi

696 381 711 398 a
740 374 878 406 Philippo
904 374 940 400 ad
975 375 1092 401 AEtolos
1116 376 1273 405 deficiunt.

695 405 809 439 Qibus
827 406 1016 437 circumjectis
1036 407 1170 439 gentibus
1188 424 1198 438 ‚
1214 410 1274 440 jam

698 437 826 473 undique
846 437 874 462 se
882 437 897 463 a
910 438 1115 466 Macedonibus
1124 444 1205 467 tutos
1213 448 1277 469 cre-

696 468 832 495 dentibus
842 470 894 497 effe
910 469 1019 496 Ateus
1031 485 1039 498 ‚
1063 470 1137 497 fama
1146 472 1279 505 affertur,

702 501 879 527 Antiochum
900 502 931 527 in
952 502 1019 527 Asia
1037 503 1142 529 vietum
1163 504 1199 529 ab
1211 505 1274 531 Ro-

698 533 799 559 manis.
817 539 869 558 nec
889 532 932 559 ita
950 534 1041 560 multo
1064 535 1126 566 post
1146 535 1234 568 legati
1244 536 1281 563 ab

703 564 796 600 Roma
817 564 928 591 rediere
939 581 946 592 ‚
966 566 1027 591 tine
1036 564 1084 598 spe
1094 568 1187 597 pacis:
1205 569 1279 595 Ful-

697 601 833 628 viumque
858 595 1003 623 consulem
1031 599 1202 632 nunciantes
1217 599 1279 631 jam

697 633 761 663 curn
781 629 911 654 exercitu
931 629 1080 660 trajecisse.
1102 630 1156 656 His
1170 632 1278 662 territi,

698 664 778 695 prius
795 660 829 683 ab
852 661 959 687 Rhodo
977 661 1006 687 Sc
1017 662 1141 688 Athenis
1153 662 1278 694 legatio-

699 691 786 727 nibus
804 693 907 718 excitis
924 707 933 719 ‚
950 697 984 718 ut
1004 699 1054 721 per
1071 693 1276 721 auctoritatem

697 726 847 748 civitatum
878 729 974 749 earum
993 723 1050 750 suae
1069 730 1165 756 preces
1184 732 1279 759 nuper

697 754 852 783 repudiatae
874 754 1034 782 faciliorem
1056 756 1167 782 aditum
1188 759 1224 784 ad
1236 757 1280 784 se-

698 789 798 811 natum
818 786 954 812 haberent
980 793 988 818 ς
1017 788 1163 820 principes
1182 790 1279 822 gentis

697 816 735 853 ad
748 818 916 844 tentandum
925 818 1056 844 ultimam
1068 818 1142 852 spem
1154 821 1278 852 Romam

698 846 839 885 miserunt
852 856 858 873 τ
878 850 954 875 nihil
964 857 999 876 ne
1010 851 1116 877 bellum
1127 852 1276 881 haberent,

697 878 863 912 priusquam
882 888 962 912 paene
982 882 1013 907 in
1025 882 1177 914 conspe-stu
1188 884 1278 912 hostis

698 917 758 937 erat
770 926 778 938 ‚
800 913 996 944 praemeditati.
1014 914 1077 946 Jam
1097 916 1141 940 M.
1154 916 1279 944 Fulvius

699 943 885 973 Apolloniam
907 945 1035 971 exercitu
1056 946 1193 977 trajesto‚
1210 954 1277 974 cum

699 975 884 1006 Epirotarum
896 976 1073 1007 principibus
1082 978 1278 1010 consultabat,

696 1006 774 1032 unde
785 1007 890 1033 bellum
902 1007 1050 1039 inciperet.
1063 1010 1194 1048 Epirotis
1205 1013 1277 1037 Am·

698 1037 819 1075 braciam
841 1039 967 1070 placebat
986 1042 1120 1072 ageredi:
1140 1049 1203 1073 quae
1214 1048 1277 1070 tum

696 1069 894 1096 contribuerat
903 1069 931 1097 se
942 1071 1059 1097 AEtolis.
1069 1072 1134 1104 five
1144 1075 1183 1100 ad
1194 1076 1280 1099 tuen·

695 1101 761 1125 dam
785 1107 845 1126 eam
863 1102 1000 1128 venirent
1010 1103 1128 1131 cAEtoll
1138 1121 1146 1133 ‚
1166 1108 1278 1132 apertos

694 1131 768 1157 circa
779 1138 888 1165 campos
895 1134 934 1158 ad
943 1134 1139 1161 dimicandum
1151 1134 1275 1169 effifive

699 1164 886 1190 derreciarent
903 1170 1042 1191 certamen
1062 1183 1070 1194 .
1089 1168 1277 1201 oppugnatio*-

694 1201 756 1220 nem
776 1195 841 1228 sore
870 1195 947 1222 hana
966 1195 1120 1229 difficilem.
1148 1206 1216 1225 nam
1238 1199 1276 1232 &-

697 1227 803 1260 copiam
822 1228 860 1264 in·
871 1229 1025 1262 propi-aquo
1043 1230 1168 1257 materiae
1175 1231 1214 1257 ad
1223 1238 1278 1264 ag-

690 1265 773 1322 {ffie
797 1256 1055 1323 &Aa
1070 1266 1274 1320 issem

702 1318 706 1321 .
764 1311 770 1316 ·
1143 1314 1155 1327 Δ

72 1329 173 1355 multis
181 1328 268 1355 armis
276 1325 401 1358 virisque
412 1326 530 1355 relistjs,
540 1327 648 1352 flumen
694 1327 805 1348 amnem
824 1326 1007 1360 opportunum
1027 1326 1064 1349 dd
1076 1331 1133 1350 com
1153 1327 1278 1351 oriunda

73 1361 252 1390 trajecerint.
270 1360 317 1387 hic
337 1359 408 1385 finis
424 1357 560 1390 sequendi
578 1358 649 1384 fuit.

71 1392 145 1418 Inde
164 1398 228 1419 tuto
239 1392 410 1418 Macedones
420 1391 445 1416 G
460 1390 582 1420 omphos
594 1407 601 1418 ‚
619 1390 648 1417 ὃς

70 1421 87 1449 a
114 1424 254 1455 Gomphis
280 1424 310 1450 in
338 1421 536 1458 Macedoniam
561 1422 652 1448 redie-

71 1461 154 1482 runt.
183 1456 356 1482 Athamanes
378 1454 531 1484 Aetolique
551 1455 649 1481 Etho-

70 1488 149 1521 piam
161 1503 170 1516 ‚
179 1488 214 1515 ad
225 1489 375 1513 zenonem
385 1493 417 1512 ac
427 1485 505 1512 mille
515 1485 652 1513 Macedo·
676 1493 679 1497 ’

69 1518 649 1580 ssssiipffiississizsussffissei33⁶3&

71 1584 109 1611 ti,
119 1583 154 1608 ab
166 1583 294 1615 Ethopia
312 1583 343 1609 in
354 1582 490 1608 altiorem
500 1581 647 1613 deruptio-

72 1620 190 1646 remque
208 1614 282 1641 undi
304 1620 340 1641 ue
356 1613 499 1641 tumulum
509 1613 648 1640 conceffe-

73 1651 116 1671 re.
135 1652 194 1678 quo
213 1646 290 1677 pluri
312 1652 345 1673 us
362 1646 433 1672 locis
451 1644 533 1671 aditu
545 1646 647 1671 inven-

73 1681 117 1704 to.
129 1678 264 1710 expulere
272 1684 320 1705 eos
331 1678 520 1704 Athamanes:
541 1676 648 1710 disper-

71 1708 175 1742 sosque
195 1710 224 1736 8<
244 1716 294 1741 pet
315 1710 410 1736 invias
426 1714 514 1741 atque
535 1709 647 1742 ignotas

67 1748 153 1774 rupes
162 1741 219 1768 iter
227 1741 301 1775 fugoe
311 1748 371 1768 non
382 1741 574 1773 expedientes,
586 1747 649 1773 pat-

68 1774 123 1800 tim
133 1779 271 1805 ceperunt
282 1789 290 1802 ‚
301 1774 404 1804 pai-tim
416 1772 627 1800 interfecerunt
639 1780 645 1798 τ

71 1805 159 1832 multi
178 1811 282 1834 pavore
291 1806 321 1831 in
332 1806 453 1837 derupta
463 1805 646 1837 praecipitati,

69 1837 647 1903 2333?‘ipssiii'roziig’ssiidissiffiaiiii

66 1901 196 1933 peliendl
205 1900 290 1927 czesos
299 1901 421 1932 potestas
428 1900 500 1928 fafla
510 1900 560 1927 est.

102 1933 171 1958 cab.
189 1933 227 1959 11
239 1935 264 1960 1.
288 1933 478 1965 Amynander
498 1938 646 1962 recupera·

67 1967 101 1991 to
112 1971 126 1990 r
184 1971 202 1990 ο
211 1965 318 1997 legatos
329 1966 451 2001 Romam
460 1964 495 1991 ad
507 1963 646 1992 senatum,

67 1995 98 2023 δε
115 2002 132 2022 a
168 1997 318 2029 scipiones
337 1997 367 2023 in
388 1998 484 2024 Aliam
501 2012 509 2025 ‚
541 1996 646 2026 Ephesi

65 2028 130 2060 post
141 2034 274 2060 magnum
283 2035 347 2055 cum
361 2028 508 2056 Antiocho
517 2027 646 2059 praelium

71 2066 232 2090 morantes,
247 2061 335 2087 milit.
355 2061 451 2088 Pacem
462 2060 583 2093 petebat.
597 2066 646 2085 ex-

65 2091 241 2123 cusabatque
261 2091 318 2118 sese
336 2109 345 2122 ,
365 2093 443 2124 quod
462 2099 512 2123 per
530 2091 648 2129 AEtolqs

63 2124 254 2155 recuperasset
291 2130 422 2151 aternum
433 2130 564 2155 regnum.
583 2123 649 2148 Phi-

68 2155 180 2188 lippum
200 2157 267 2182 incu
300 2156 356 2183 bat.
383 2156 476 2182 AEtoli
499 2161 534 2182 ex
558 2156 648 2181 Atha-

70 2188 164 2213 mania
175 2188 203 2214 in
216 2188 422 2220 Amphilochos
432 2187 550 2219 profesti
561 2185 579 2211 s
574 2194 612 2213 un
618 2192 639 2214 ι’,

68 2217 101 2245 St
113 2219 227 2248 majoris
247 2220 337 2252 partis
346 2220 496 2246 voluntate
506 2220 537 2245 in
547 2219 593 2249 jus
602 2219 647 2245 di-

68 2249 237 2282 tionemque
254 2256 350 2288 ‘totam
374 2252 549 2283 redegerunt
574 2257 645 2282 gen-

69 2284 139 2306 tem.
159 2282 360 2314 Amphilochia
370 2289 480 2314 recepta
492 2283 570 2314 (narn
580 2282 642 2308 fue-

68 2318 115 2351 rat
124 2315 268 2343 quondam
279 2313 467 2345 AEtolorum)
487 2315 584 2341 eadem
595 2314 644 2344 spe

66 2350 101 2370 in
124 2345 307 2375 Aperantiam
336 2345 586 2374 transcenderunt.
612 2352 645 2372 ea

63 2381 182 2409 quoque
202 2382 302 2412 ungria
310 2382 346 2406 ex
355 2384 432 2412 parte
442 2379 502 2406 fine
511 2378 644 2407 certami-

715 1360 757 1379 ιω
778 1353 843 1387 usui
855 1354 918 1387 fiat
933 1371 942 1382 .
964 1359 1060 1387 praeter
1081 1357 1108 1390 ip
1123 1364 1143 1382 a
1166 1358 1273 1384 moem‘a

687 1360 781 1419 fluere
792 1395 801 1412 .·
814 1393 850 1417 <5
860 1386 980 1419 ,estatem
989 1391 1086 1420 aptam
1097 1389 1139 1415 rei
1142 1390 1274 1421 gerendae

694 1414 796 1454 adeffq.
815 1418 858 1443 his
870 1416 1069 1447 persuaserunt
1081 1435 1090 1450 2
1102 1426 1136 1447 ut
1146 1428 1196 1453 per
1206 1422 1278 1454 Epi-

694 1455 758 1475 rum
770 1455 898 1476 duceret.

730 1482 801 1511 cap.
819 1482 832 1506 1
844 1482 881 1519 γ.
898 1480 1021 1509 Confiili
1041 1482 1077 1509 ad
1094 1483 1274 1512 Ambraciam

694 1512 873 1540 advenienti⁷
887 1514 981 1545 magni
992 1515 1085 1546 operis
1093 1518 1277 1549 oppugnatio

697 1544 758 1581 visa
782 1544 832 1570 est.
867 1545 1018 1571 Ambracia
1037 1548 1152 1574 tumulo
1173 1548 1275 1581 aspero

696 1575 832 1606 subjec‘ia,
846 1576 1030 1603 Perranthem
1042 1579 1145 1605 incolae
1155 1586 1270 1607 vocant.

698 1608 768 1634 urbs
777 1623 785 1634 2
802 1614 859 1640 qua
871 1615 969 1635 murus
979 1610 1070 1642 vergit
1080 1610 1110 1636 in
1121 1617 1233 1643 campos
1242 1612 1276 1639 ετ

695 1640 805 1666 flumen
816 1654 825 1666 ‚
843 1640 1040 1672 occidentem3
1058 1647 1194 1675 arx‚quae
1203 1644 1278 1676 poli-

698 1676 726 1698 ta
744 1672 774 1709 in
796 1671 910 1698 tumulo
928 1671 984 1701 est,
1002 1674 1146 1700 orientem
1158 1674 1277 1707 speetat-

697 1709 787 1729 amnis
808 1704 921 1729 Aretho
941 1709 976 1730 ex
997 1706 1160 1732 Acarnania
1178 1706 1276 1733 fluens

695 1735 772 1761 cadit
799 1735 830 1761 in
849 1735 942 1761 finum
959 1736 1046 1763 maris
1063 1741 1073 1768 ς
1099 1738 1133 1763 ab
1152 1739 1275 1765 nomine

695 1767 866 1799 propinquae
888 1768 970 1794 urbis
988 1768 1168 1795 Ambracium
1176 1768 1276 1802 appel—

692 1800 794 1825 latum.
814 1804 1000 1831 praeterquam
1017 1801 1095 1833 quod
1107 1801 1174 1829 hinc
1183 1802 1276 1828 amnis

693 1831 806 1860 munit,
826 1831 893 1858 hinc
912 1831 1038 1861 tumuli,
1058 1839 1142 1859 muro
1151 1839 1270 1865 quoque

695 1863 782 1889 firmo
801 1860 879 1896 septa
897 1868 980 1901 e52t3
996 1865 1154 1903 patentein
1167 1865 1273 1892 circui-

693 1900 726 1921 tu
737 1894 822 1926 paulo
831 1895 955 1932 amplius
965 1900 1023 1922 tria
1032 1896 1125 1922 millia
1134 1897 1273 1929 pafl’uum.

692 1927 814 1953 Fulvius
832 1926 898 1952 bina
916 1934 931 1952 a
949 1934 1048 1959 campo
1057 1928 1143 1955 castra
1154 1930 1273 1955 modico

690 1959 768 1985 inter
786 1959 814 1984 se
830 1958 966 1985 distantia
988 1960 1162 1989 intervallo,
1181 1967 1274 1987 unum

690 1991 836 2018 castellum
862 1990 928 2017 loco
953 1992 1035 2018 edito
1061 1997 1161 2018 contra
1178 1998 1271 2020 arcern

690 2023 808 2053 objecit.
834 2029 865 2048 ea
886 2022 984 2049 omnia
1001 2023 1077 2049 vallo
1096 2030 1128 2050 ac
1148 2022 1219 2050 fossa
1230 2024 1273 2052 ita

691 2054 813 2086 jungere
832 2059 932 2084 parat,
953 2060 987 2080 ne
1005 2055 1271 2081 exitusincluiisab

693 2086 762 2113 urbe
774 2102 782 2114 ‚
794 2092 864 2112 neve
873 2086 968 2112 aditus
979 2086 1050 2113 foris
1059 2088 1094 2112 ad
1106 2087 1214 2113 auxilia
1226 2087 1273 2113 in-

691 2118 881 2145 tromittenda
901 2117 977 2144 effer.
1000 2119 1045 2145 Ad
1066 2118 1168 2144 famam
1180 2125 1272 2151 oppu-

692 2150 840 2182 gnationis
874 2150 1030 2176 Ambraciae
1056 2152 1184 2176 Stratum
1210 2150 1285 2181 jamv

691 2182 787 2208 edicto
813 2181 954 2207 Nicandri
982 2182 1112 2213 praeroris
1130 2188 1272 2208 convene-

692 2220 758 2240 rant
767 2213 874 2239 AEtoll.
888 2213 960 2239 Inde
971 2213 1063 2242 primo
1073 2214 1162 2244 copiis
1174 2213 1270 2239 omnl-

691 2246 742 2272 bus
762 2246 797 2272 ad
819 2244 1024 2276 prohibendam
1036 2244 1213 2271 obsidionem
1224 2251 1272 2270 ve-

692 2279 757 2304 nire
768 2278 796 2302 in
808 2278 902 2302 animo
914 2275 1017 2302 fuerat.
1037 2276 1150 2306 deinde,
1162 2276 1273 2308 postea-

689 2316 773 2342 quam
783 2309 882 2334 urbem
892 2309 947 2338 jam
959 2314 1059 2337 magna
1067 2314 1103 2333 ex
1114 2314 1194 2340 parte
1202 2315 1272 2341 ope-

691 2341 772 2367 ribus
781 2339 887 2371 septam
901 2340 1038 2366 viderunt
1048 2355 1057 2368 ‚
1080 2341 1271 2373 Epirotarum

688 2377 770 2406 trans
790 2372 898 2400 flumen
908 2371 975 2399 loco
985 2372 1071 2405 plano
1082 2372 1169 2401 castra
1177 2372 1273 2431 pogna

1189 2410 1208 2432 e
1230 2421 1244 2430 ψ
1258 2410 1267 2432 ὁ
