<?xml version="1.0" encoding="UTF-8"?>
<!DOCTYPE html PUBLIC "-//W3C//DTD XHTML 1.0 Transitional//EN"
    "http://www.w3.org/TR/xhtml1/DTD/xhtml1-transitional.dtd">
<html xmlns="http://www.w3.org/1999/xhtml" xml:lang="en" lang="en">
 <head>
  <title>
</title>
<meta http-equiv="Content-Type" content="text/html;charset=utf-8" />
  <meta name='ocr-system' content='tesseract 3.04.00' />
  <meta name='ocr-capabilities' content='ocr_page ocr_carea ocr_par ocr_line ocrx_word'/>
</head>
<body>
  <div class='ocr_page' id='page_1' title='image "./titiliviihistori00livy_0497.png"; bbox 0 0 1414 2655; ppageno 0'>
   <div class='ocr_carea' id='block_1_1' title="bbox 21 118 32 171">
    <p class='ocr_par' dir='ltr' id='par_1_1' title="bbox 21 118 32 171">
     <span class='ocr_line' id='line_1_1' title="bbox 21 118 28 130; baseline 0 0"><span class='ocrx_word' id='word_1_1' title='bbox 21 118 28 130; x_wconf 62' lang='lat' dir='ltr'><em>A</em></span> 
     </span>
     <span class='ocr_line' id='line_1_2' title="bbox 21 153 32 171; baseline 0 0"><span class='ocrx_word' id='word_1_2' title='bbox 21 153 32 171; x_wconf 77' lang='lat'>:⁴</span> 
     </span>
    </p>
   </div>
   <div class='ocr_carea' id='block_1_2' title="bbox 96 27 108 54">
    <p class='ocr_par' dir='ltr' id='par_1_2' title="bbox 96 27 108 54">
     <span class='ocr_line' id='line_1_3' title="bbox 96 27 108 54; baseline 0 0"><span class='ocrx_word' id='word_1_3' title='bbox 96 27 108 54; x_wconf 85' lang='grc' dir='ltr'><em>Ι</em></span> 
     </span>
    </p>
   </div>
   <div class='ocr_carea' id='block_1_3' title="bbox 450 89 883 133">
    <p class='ocr_par' dir='ltr' id='par_1_3' title="bbox 450 89 883 133">
     <span class='ocr_line' id='line_1_4' title="bbox 450 89 883 133; baseline 0.005 -11"><span class='ocrx_word' id='word_1_4' title='bbox 450 89 481 122; x_wconf 87' lang='lat' dir='ltr'>L</span> <span class='ocrx_word' id='word_1_5' title='bbox 511 96 673 124; x_wconf 61' lang='lat' dir='ltr'>rnen»</span> <span class='ocrx_word' id='word_1_6' title='bbox 721 90 883 133; x_wconf 61' lang='lat' dir='ltr'>quxr.</span> 
     </span>
    </p>
   </div>
   <div class='ocr_carea' id='block_1_4' title="bbox 111 162 636 198">
    <p class='ocr_par' dir='ltr' id='par_1_4' title="bbox 111 162 636 198">
     <span class='ocr_line' id='line_1_5' title="bbox 111 162 636 198; baseline 0.002 -8"><span class='ocrx_word' id='word_1_7' title='bbox 111 177 120 190; x_wconf 61' lang='lat'>³</span> <span class='ocrx_word' id='word_1_8' title='bbox 146 162 270 194; x_wconf 82' lang='lat' dir='ltr'>pulsatio</span> <span class='ocrx_word' id='word_1_9' title='bbox 291 164 437 191; x_wconf 84' lang='lat' dir='ltr'>stutorum</span> <span class='ocrx_word' id='word_1_10' title='bbox 452 181 461 195; x_wconf 86' lang='lat'>‚</span> <span class='ocrx_word' id='word_1_11' title='bbox 484 172 636 198; x_wconf 79' lang='lat' dir='ltr'>parumper</span> 
     </span>
    </p>
   </div>
   <div class='ocr_carea' id='block_1_5' title="bbox 56 112 639 224">
    <p class='ocr_par' dir='ltr' id='par_1_5' title="bbox 56 112 639 224">
     <span class='ocr_line' id='line_1_6' title="bbox 60 112 639 189; baseline 0.007 -33"><span class='ocrx_word' id='word_1_12' title='bbox 60 112 126 189; x_wconf 47' lang='lat' dir='ltr'>{ure</span> <span class='ocrx_word' id='word_1_13' title='bbox 144 136 209 157; x_wconf 88' lang='lat' dir='ltr'>cum</span> <span class='ocrx_word' id='word_1_14' title='bbox 229 130 327 159; x_wconf 85' lang='lat' dir='ltr'>sonitu</span> <span class='ocrx_word' id='word_1_15' title='bbox 341 147 351 162; x_wconf 86' lang='lat'>,</span> <span class='ocrx_word' id='word_1_16' title='bbox 367 138 454 165; x_wconf 87' lang='lat' dir='ltr'>quam</span> <span class='ocrx_word' id='word_1_17' title='bbox 465 136 584 161; x_wconf 84' lang='lat' dir='ltr'>vulnere</span> <span class='ocrx_word' id='word_1_18' title='bbox 593 134 639 160; x_wconf 87' lang='lat' dir='ltr'>ul-</span> 
     </span>
     <span class='ocr_line' id='line_1_7' title="bbox 56 168 635 224; baseline 0.007 -5"><span class='ocrx_word' id='word_1_19' title='bbox 56 168 241 222; x_wconf 53' lang='lat' dir='ltr'>fiffccedentes</span> <span class='ocrx_word' id='word_1_20' title='bbox 254 198 399 224; x_wconf 85' lang='lat' dir='ltr'>Romanos</span> <span class='ocrx_word' id='word_1_21' title='bbox 410 198 516 224; x_wconf 89' lang='lat' dir='ltr'>tenuit.</span> <span class='ocrx_word' id='word_1_22' title='bbox 545 198 635 223; x_wconf 89' lang='lat' dir='ltr'>Dein-</span> 
     </span>
    </p>
   </div>
   <div class='ocr_carea' id='block_1_6' title="bbox 22 225 635 292">
    <p class='ocr_par' dir='ltr' id='par_1_6' title="bbox 22 225 635 292">
     <span class='ocr_line' id='line_1_8' title="bbox 23 225 634 261; baseline 0.007 -10"><span class='ocrx_word' id='word_1_23' title='bbox 23 236 25 238; x_wconf 96' lang='lat'>·</span> <span class='ocrx_word' id='word_1_24' title='bbox 59 225 98 252; x_wconf 79' lang='lat' dir='ltr'>de</span> <span class='ocrx_word' id='word_1_25' title='bbox 115 225 151 252; x_wconf 85' lang='lat' dir='ltr'>iis</span> <span class='ocrx_word' id='word_1_26' title='bbox 170 233 286 260; x_wconf 85' lang='lat' dir='ltr'>quoque</span> <span class='ocrx_word' id='word_1_27' title='bbox 296 228 415 260; x_wconf 77' lang='lat' dir='ltr'>spretis,</span> <span class='ocrx_word' id='word_1_28' title='bbox 432 230 536 261; x_wconf 86' lang='lat' dir='ltr'>partim</span> <span class='ocrx_word' id='word_1_29' title='bbox 549 230 634 256; x_wconf 87' lang='lat' dir='ltr'>testu-</span> 
     </span>
     <span class='ocr_line' id='line_1_9' title="bbox 22 256 635 292; baseline 0.01 -11"><span class='ocrx_word' id='word_1_30' title='bbox 22 259 26 281; x_wconf 75' lang='grc' dir='ltr'><strong>ζ</strong></span> <span class='ocrx_word' id='word_1_31' title='bbox 57 256 128 283; x_wconf 85' lang='lat' dir='ltr'>dine</span> <span class='ocrx_word' id='word_1_32' title='bbox 147 258 219 285; x_wconf 73' lang='lat' dir='ltr'>fasta</span> <span class='ocrx_word' id='word_1_33' title='bbox 241 267 291 292; x_wconf 87' lang='lat' dir='ltr'>per</span> <span class='ocrx_word' id='word_1_34' title='bbox 305 259 438 287; x_wconf 80' lang='lat' dir='ltr'>adversos</span> <span class='ocrx_word' id='word_1_35' title='bbox 455 262 565 288; x_wconf 89' lang='lat' dir='ltr'>vadunt</span> <span class='ocrx_word' id='word_1_36' title='bbox 582 262 635 287; x_wconf 88' lang='lat' dir='ltr'>ho-</span> 
     </span>
    </p>
   </div>
   <div class='ocr_carea' id='block_1_7' title="bbox 51 288 641 2324">
    <p class='ocr_par' dir='ltr' id='par_1_7' title="bbox 54 288 636 476">
     <span class='ocr_line' id='line_1_10' title="bbox 57 288 632 324; baseline 0.01 -11"><span class='ocrx_word' id='word_1_37' title='bbox 57 288 130 315; x_wconf 88' lang='lat' dir='ltr'>stes:</span> <span class='ocrx_word' id='word_1_38' title='bbox 151 292 254 321; x_wconf 84' lang='lat' dir='ltr'>partim</span> <span class='ocrx_word' id='word_1_39' title='bbox 277 293 354 318; x_wconf 84' lang='lat' dir='ltr'>brevi</span> <span class='ocrx_word' id='word_1_40' title='bbox 365 293 491 319; x_wconf 87' lang='lat' dir='ltr'>circuitu</span> <span class='ocrx_word' id='word_1_41' title='bbox 500 300 590 324; x_wconf 83' lang='lat' dir='ltr'>quum</span> <span class='ocrx_word' id='word_1_42' title='bbox 602 294 632 318; x_wconf 91' lang='lat' dir='ltr'>in</span> 
     </span>
     <span class='ocr_line' id='line_1_11' title="bbox 54 319 634 356; baseline 0.007 -10"><span class='ocrx_word' id='word_1_43' title='bbox 54 319 158 356; x_wconf 75' lang='lat' dir='ltr'>jugum</span> <span class='ocrx_word' id='word_1_44' title='bbox 179 324 261 350; x_wconf 89' lang='lat' dir='ltr'>collis</span> <span class='ocrx_word' id='word_1_45' title='bbox 280 324 422 350; x_wconf 63' lang='lat' dir='ltr'>evasissent</span> <span class='ocrx_word' id='word_1_46' title='bbox 433 341 440 352; x_wconf 81' lang='lat'>‚</span> <span class='ocrx_word' id='word_1_47' title='bbox 458 326 587 356; x_wconf 83' lang='lat' dir='ltr'>trepidos</span> <span class='ocrx_word' id='word_1_48' title='bbox 598 330 634 350; x_wconf 87' lang='lat' dir='ltr'>ex</span> 
     </span>
     <span class='ocr_line' id='line_1_12' title="bbox 56 353 636 394; baseline 0.01 -18"><span class='ocrx_word' id='word_1_49' title='bbox 56 353 195 384; x_wconf 77' lang='lat' dir='ltr'>praendiis</span> <span class='ocrx_word' id='word_1_50' title='bbox 219 356 445 388; x_wconf 66' lang='lat' dir='ltr'>stationibutque</span> <span class='ocrx_word' id='word_1_51' title='bbox 463 357 636 394; x_wconf 77' lang='lat' dir='ltr'>Macedonas</span> 
     </span>
     <span class='ocr_line' id='line_1_13' title="bbox 59 384 634 420; baseline 0.007 -10"><span class='ocrx_word' id='word_1_52' title='bbox 59 384 236 413; x_wconf 81' lang='lat' dir='ltr'>deturbant.</span> <span class='ocrx_word' id='word_1_53' title='bbox 258 389 306 417; x_wconf 68' lang='lat' dir='ltr'>St,</span> <span class='ocrx_word' id='word_1_54' title='bbox 322 393 355 415; x_wconf 84' lang='lat' dir='ltr'>ut</span> <span class='ocrx_word' id='word_1_55' title='bbox 373 389 403 415; x_wconf 91' lang='lat' dir='ltr'>in</span> <span class='ocrx_word' id='word_1_56' title='bbox 422 388 495 414; x_wconf 89' lang='lat' dir='ltr'>locis</span> <span class='ocrx_word' id='word_1_57' title='bbox 512 389 634 420; x_wconf 77' lang='lat' dir='ltr'>impedi-</span> 
     </span>
     <span class='ocr_line' id='line_1_14' title="bbox 56 415 634 452; baseline 0.009 -11"><span class='ocrx_word' id='word_1_58' title='bbox 56 415 96 442; x_wconf 85' lang='lat' dir='ltr'>tis</span> <span class='ocrx_word' id='word_1_59' title='bbox 107 417 223 445; x_wconf 80' lang='lat' dir='ltr'>difficili</span> <span class='ocrx_word' id='word_1_60' title='bbox 234 419 313 452; x_wconf 83' lang='lat' dir='ltr'>fuga,</span> <span class='ocrx_word' id='word_1_61' title='bbox 330 420 479 452; x_wconf 86' lang='lat' dir='ltr'>plerosque</span> <span class='ocrx_word' id='word_1_62' title='bbox 488 420 573 447; x_wconf 86' lang='lat' dir='ltr'>etiam</span> <span class='ocrx_word' id='word_1_63' title='bbox 583 421 634 446; x_wconf 89' lang='lat' dir='ltr'>ob·</span> 
     </span>
     <span class='ocr_line' id='line_1_15' title="bbox 58 453 209 476; baseline 0.013 -2"><span class='ocrx_word' id='word_1_64' title='bbox 58 453 209 476; x_wconf 88' lang='lat' dir='ltr'>truncant.</span> 
     </span>
    </p>

    <p class='ocr_par' dir='ltr' id='par_1_8' title="bbox 51 481 637 1869">
     <span class='ocr_line' id='line_1_16' title="bbox 92 481 635 516; baseline 0.009 -11"><span class='ocrx_word' id='word_1_65' title='bbox 92 481 162 512; x_wconf 85' lang='lat' dir='ltr'>Cap.</span> <span class='ocrx_word' id='word_1_66' title='bbox 188 483 213 507; x_wconf 86' lang='lat' dir='ltr'>X</span> <span class='ocrx_word' id='word_1_67' title='bbox 231 483 268 509; x_wconf 87' lang='lat' dir='ltr'>L.</span> <span class='ocrx_word' id='word_1_68' title='bbox 302 483 347 509; x_wconf 84' lang='lat' dir='ltr'>Ita</span> <span class='ocrx_word' id='word_1_69' title='bbox 366 484 501 516; x_wconf 79' lang='lat' dir='ltr'>angustiae</span> <span class='ocrx_word' id='word_1_70' title='bbox 521 484 635 510; x_wconf 90' lang='lat' dir='ltr'>minore</span> 
     </span>
     <span class='ocr_line' id='line_1_17' title="bbox 55 513 633 547; baseline 0.007 -10"><span class='ocrx_word' id='word_1_71' title='bbox 55 513 212 539; x_wconf 82' lang='lat' dir='ltr'>certamine</span> <span class='ocrx_word' id='word_1_72' title='bbox 223 531 231 543; x_wconf 86' lang='lat'><strong>‚</strong></span> <span class='ocrx_word' id='word_1_73' title='bbox 248 520 332 545; x_wconf 80' lang='lat' dir='ltr'>quarn</span> <span class='ocrx_word' id='word_1_74' title='bbox 352 517 430 547; x_wconf 89' lang='lat' dir='ltr'>quod</span> <span class='ocrx_word' id='word_1_75' title='bbox 448 516 551 541; x_wconf 89' lang='lat' dir='ltr'>animis</span> <span class='ocrx_word' id='word_1_76' title='bbox 568 522 633 546; x_wconf 86' lang='lat' dir='ltr'>pro-</span> 
     </span>
     <span class='ocr_line' id='line_1_18' title="bbox 54 542 634 583; baseline 0.009 -15"><span class='ocrx_word' id='word_1_77' title='bbox 54 542 220 576; x_wconf 80' lang='lat' dir='ltr'>posuerant,</span> <span class='ocrx_word' id='word_1_78' title='bbox 229 545 365 578; x_wconf 76' lang='lat' dir='ltr'>superatae</span> <span class='ocrx_word' id='word_1_79' title='bbox 377 555 383 572; x_wconf 88' lang='lat'><em>:</em></span> <span class='ocrx_word' id='word_1_80' title='bbox 402 547 431 574; x_wconf 66' lang='grc' dir='ltr'>δε</span> <span class='ocrx_word' id='word_1_81' title='bbox 444 549 475 573; x_wconf 86' lang='lat' dir='ltr'>in</span> <span class='ocrx_word' id='word_1_82' title='bbox 486 548 634 583; x_wconf 71' lang='lat' dir='ltr'>Eordaeam</span> 
     </span>
     <span class='ocr_line' id='line_1_19' title="bbox 57 579 633 611; baseline 0.009 -11"><span class='ocrx_word' id='word_1_83' title='bbox 57 581 225 607; x_wconf 86' lang='lat' dir='ltr'>perventum</span> <span class='ocrx_word' id='word_1_84' title='bbox 246 584 254 607; x_wconf 81' lang='lat'><em>3</em></span> <span class='ocrx_word' id='word_1_85' title='bbox 283 579 330 605; x_wconf 88' lang='lat' dir='ltr'>ubi</span> <span class='ocrx_word' id='word_1_86' title='bbox 356 580 520 611; x_wconf 81' lang='lat' dir='ltr'>pervastatis</span> <span class='ocrx_word' id='word_1_87' title='bbox 537 579 633 611; x_wconf 83' lang='lat' dir='ltr'>paflnn</span> 
     </span>
     <span class='ocr_line' id='line_1_20' title="bbox 54 606 634 644; baseline 0.009 -12"><span class='ocrx_word' id='word_1_88' title='bbox 54 607 132 638; x_wconf 82' lang='lat' dir='ltr'>agris</span> <span class='ocrx_word' id='word_1_89' title='bbox 153 624 161 636; x_wconf 84' lang='lat'>‚</span> <span class='ocrx_word' id='word_1_90' title='bbox 178 609 208 635; x_wconf 90' lang='lat' dir='ltr'>in</span> <span class='ocrx_word' id='word_1_91' title='bbox 231 606 305 636; x_wconf 82' lang='lat' dir='ltr'>Elim</span> <span class='ocrx_word' id='word_1_92' title='bbox 322 617 365 636; x_wconf 91' lang='lat' dir='ltr'>am</span> <span class='ocrx_word' id='word_1_93' title='bbox 386 610 414 637; x_wconf 89' lang='lat' dir='ltr'>se</span> <span class='ocrx_word' id='word_1_94' title='bbox 432 611 545 644; x_wconf 89' lang='lat' dir='ltr'>recepit.</span> <span class='ocrx_word' id='word_1_95' title='bbox 565 611 634 637; x_wconf 90' lang='lat' dir='ltr'>inde</span> 
     </span>
     <span class='ocr_line' id='line_1_21' title="bbox 60 638 632 674; baseline 0.01 -10"><span class='ocrx_word' id='word_1_96' title='bbox 60 638 100 664; x_wconf 87' lang='lat' dir='ltr'>im</span> <span class='ocrx_word' id='word_1_97' title='bbox 122 645 199 666; x_wconf 88' lang='lat' dir='ltr'>etum</span> <span class='ocrx_word' id='word_1_98' title='bbox 220 642 249 667; x_wconf 91' lang='lat' dir='ltr'>in</span> <span class='ocrx_word' id='word_1_99' title='bbox 271 643 295 666; x_wconf 91' lang='lat'><strong>0</strong></span> <span class='ocrx_word' id='word_1_100' title='bbox 328 642 426 669; x_wconf 77' lang='lat' dir='ltr'>liidem</span> <span class='ocrx_word' id='word_1_101' title='bbox 445 644 526 669; x_wconf 79' lang='lat' dir='ltr'>‘ecit-</span> <span class='ocrx_word' id='word_1_102' title='bbox 543 642 632 674; x_wconf 83' lang='lat' dir='ltr'>&amp;op-</span> 
     </span>
     <span class='ocr_line' id='line_1_22' title="bbox 57 671 633 712; baseline 0.009 -16"><span class='ocrx_word' id='word_1_103' title='bbox 57 671 86 701; x_wconf 88' lang='lat' dir='ltr'>pi</span> <span class='ocrx_word' id='word_1_104' title='bbox 110 678 157 697; x_wconf 89' lang='lat' dir='ltr'>um</span> <span class='ocrx_word' id='word_1_105' title='bbox 184 674 332 701; x_wconf 76' lang='lat' dir='ltr'>Celetrum</span> <span class='ocrx_word' id='word_1_106' title='bbox 356 676 395 700; x_wconf 83' lang='lat' dir='ltr'>est</span> <span class='ocrx_word' id='word_1_107' title='bbox 413 674 573 707; x_wconf 67' lang='lat' dir='ltr'>aggressus,</span> <span class='ocrx_word' id='word_1_108' title='bbox 590 675 633 712; x_wconf 66' lang='lat' dir='ltr'>jn</span> 
     </span>
     <span class='ocr_line' id='line_1_23' title="bbox 51 702 634 733; baseline 0.009 -6"><span class='ocrx_word' id='word_1_109' title='bbox 51 702 208 732; x_wconf 61' lang='lat' dir='ltr'>‘peninsula</span> <span class='ocrx_word' id='word_1_110' title='bbox 228 706 323 732; x_wconf 80' lang='lat' dir='ltr'>litum.</span> <span class='ocrx_word' id='word_1_111' title='bbox 349 707 442 733; x_wconf 85' lang='lat' dir='ltr'>Lacus</span> <span class='ocrx_word' id='word_1_112' title='bbox 458 707 564 732; x_wconf 78' lang='lat' dir='ltr'>moenia</span> <span class='ocrx_word' id='word_1_113' title='bbox 573 713 634 732; x_wconf 82' lang='lat' dir='ltr'>cin-</span> 
     </span>
     <span class='ocr_line' id='line_1_24' title="bbox 58 734 630 769; baseline 0.007 -10"><span class='ocrx_word' id='word_1_114' title='bbox 58 734 120 765; x_wconf 87' lang='lat' dir='ltr'>git:</span> <span class='ocrx_word' id='word_1_115' title='bbox 139 738 265 769; x_wconf 69' lang='lat' dir='ltr'>angustis</span> <span class='ocrx_word' id='word_1_116' title='bbox 277 737 403 764; x_wconf 82' lang='lat' dir='ltr'>faucibus</span> <span class='ocrx_word' id='word_1_117' title='bbox 414 745 505 765; x_wconf 89' lang='lat' dir='ltr'>unum</span> <span class='ocrx_word' id='word_1_118' title='bbox 515 744 550 764; x_wconf 90' lang='lat' dir='ltr'>ex</span> <span class='ocrx_word' id='word_1_119' title='bbox 561 744 630 763; x_wconf 84' lang='lat' dir='ltr'>con—</span> 
     </span>
     <span class='ocr_line' id='line_1_25' title="bbox 58 766 634 802; baseline 0.009 -12"><span class='ocrx_word' id='word_1_120' title='bbox 58 766 166 793; x_wconf 81' lang='lat' dir='ltr'>tinenti</span> <span class='ocrx_word' id='word_1_121' title='bbox 188 770 243 795; x_wconf 84' lang='lat' dir='ltr'>iter</span> <span class='ocrx_word' id='word_1_122' title='bbox 261 770 310 795; x_wconf 85' lang='lat' dir='ltr'>est.</span> <span class='ocrx_word' id='word_1_123' title='bbox 333 769 566 802; x_wconf 85' lang='lat' dir='ltr'>Primolituipso</span> <span class='ocrx_word' id='word_1_124' title='bbox 575 769 634 796; x_wconf 88' lang='lat' dir='ltr'>fre-</span> 
     </span>
     <span class='ocr_line' id='line_1_26' title="bbox 55 797 635 834; baseline 0.007 -12"><span class='ocrx_word' id='word_1_125' title='bbox 55 797 80 822; x_wconf 88' lang='lat' dir='ltr'>ti</span> <span class='ocrx_word' id='word_1_126' title='bbox 101 813 110 825; x_wconf 75' lang='grc'><em>.</em></span> <span class='ocrx_word' id='word_1_127' title='bbox 127 799 225 826; x_wconf 72' lang='lat' dir='ltr'>clausis</span> <span class='ocrx_word' id='word_1_128' title='bbox 244 802 337 831; x_wconf 78' lang='lat' dir='ltr'>portis</span> <span class='ocrx_word' id='word_1_129' title='bbox 357 802 506 834; x_wconf 87' lang='lat' dir='ltr'>imperium</span> <span class='ocrx_word' id='word_1_130' title='bbox 526 802 635 827; x_wconf 84' lang='lat' dir='ltr'>abnue·</span> 
     </span>
     <span class='ocr_line' id='line_1_27' title="bbox 58 831 635 869; baseline 0.009 -16"><span class='ocrx_word' id='word_1_131' title='bbox 58 835 108 854; x_wconf 83' lang='lat' dir='ltr'>re:</span> <span class='ocrx_word' id='word_1_132' title='bbox 128 831 233 858; x_wconf 88' lang='lat' dir='ltr'>deinde</span> <span class='ocrx_word' id='word_1_133' title='bbox 251 833 397 864; x_wconf 81' lang='lat' dir='ltr'>postquam</span> <span class='ocrx_word' id='word_1_134' title='bbox 407 833 486 866; x_wconf 79' lang='lat' dir='ltr'>ligna</span> <span class='ocrx_word' id='word_1_135' title='bbox 497 833 566 861; x_wconf 83' lang='lat' dir='ltr'>ferri</span> <span class='ocrx_word' id='word_1_136' title='bbox 579 839 635 869; x_wconf 27' lang='lat' dir='ltr'>‚qa-c</span> 
     </span>
     <span class='ocr_line' id='line_1_28' title="bbox 56 860 634 898; baseline 0.009 -12"><span class='ocrx_word' id='word_1_137' title='bbox 56 860 198 888; x_wconf 84' lang='lat' dir='ltr'>testudine</span> <span class='ocrx_word' id='word_1_138' title='bbox 214 863 325 891; x_wconf 85' lang='lat' dir='ltr'>succedi</span> <span class='ocrx_word' id='word_1_139' title='bbox 342 867 379 891; x_wconf 87' lang='lat' dir='ltr'>ad</span> <span class='ocrx_word' id='word_1_140' title='bbox 395 871 508 898; x_wconf 87' lang='lat' dir='ltr'>portam</span> <span class='ocrx_word' id='word_1_141' title='bbox 519 882 527 894; x_wconf 86' lang='lat'><strong>‚</strong></span> <span class='ocrx_word' id='word_1_142' title='bbox 544 865 634 891; x_wconf 76' lang='lat' dir='ltr'>oblei-</span> 
     </span>
     <span class='ocr_line' id='line_1_29' title="bbox 53 890 631 927; baseline 0.01 -10"><span class='ocrx_word' id='word_1_143' title='bbox 53 890 152 925; x_wconf 82' lang='lat' dir='ltr'>sasque</span> <span class='ocrx_word' id='word_1_144' title='bbox 169 895 263 921; x_wconf 75' lang='lat' dir='ltr'>fauces</span> <span class='ocrx_word' id='word_1_145' title='bbox 279 898 390 927; x_wconf 66' lang='lat' dir='ltr'>agmine</span> <span class='ocrx_word' id='word_1_146' title='bbox 408 897 530 923; x_wconf 88' lang='lat' dir='ltr'>hostium</span> <span class='ocrx_word' id='word_1_147' title='bbox 554 897 631 923; x_wconf 89' lang='lat' dir='ltr'>vide-</span> 
     </span>
     <span class='ocr_line' id='line_1_30' title="bbox 56 927 629 960; baseline 0.005 -11"><span class='ocrx_word' id='word_1_148' title='bbox 56 929 128 950; x_wconf 88' lang='lat' dir='ltr'>runt</span> <span class='ocrx_word' id='word_1_149' title='bbox 140 942 148 955; x_wconf 92' lang='lat'>‚</span> <span class='ocrx_word' id='word_1_150' title='bbox 163 927 329 959; x_wconf 77' lang='lat' dir='ltr'>priusquam</span> <span class='ocrx_word' id='word_1_151' title='bbox 349 929 551 960; x_wconf 83' lang='lat' dir='ltr'>experirentur</span> <span class='ocrx_word' id='word_1_152' title='bbox 570 935 629 954; x_wconf 89' lang='lat' dir='ltr'>cer-</span> 
     </span>
     <span class='ocr_line' id='line_1_31' title="bbox 57 960 631 986; baseline 0.007 -5"><span class='ocrx_word' id='word_1_153' title='bbox 57 960 151 983; x_wconf 82' lang='lat' dir='ltr'>tamen</span> <span class='ocrx_word' id='word_1_154' title='bbox 171 973 179 986; x_wconf 69' lang='lat'><em>2</em></span> <span class='ocrx_word' id='word_1_155' title='bbox 206 965 284 985; x_wconf 89' lang='lat' dir='ltr'>metu</span> <span class='ocrx_word' id='word_1_156' title='bbox 303 961 333 985; x_wconf 92' lang='lat' dir='ltr'>in</span> <span class='ocrx_word' id='word_1_157' title='bbox 351 960 529 986; x_wconf 84' lang='lat' dir='ltr'>deditionem</span> <span class='ocrx_word' id='word_1_158' title='bbox 547 966 631 985; x_wconf 88' lang='lat' dir='ltr'>vene-</span> 
     </span>
     <span class='ocr_line' id='line_1_32' title="bbox 55 989 630 1024; baseline 0.014 -12"><span class='ocrx_word' id='word_1_159' title='bbox 55 993 137 1024; x_wconf 76' lang='lat' dir='ltr'>runt.</span> <span class='ocrx_word' id='word_1_160' title='bbox 159 989 204 1015; x_wconf 83' lang='lat' dir='ltr'>Ab</span> <span class='ocrx_word' id='word_1_161' title='bbox 214 991 331 1017; x_wconf 84' lang='lat' dir='ltr'>Celetro</span> <span class='ocrx_word' id='word_1_162' title='bbox 340 992 371 1017; x_wconf 91' lang='lat' dir='ltr'>in</span> <span class='ocrx_word' id='word_1_163' title='bbox 385 992 555 1020; x_wconf 68' lang='lat' dir='ltr'>Dassaretios</span> <span class='ocrx_word' id='word_1_164' title='bbox 564 999 630 1023; x_wconf 85' lang='lat' dir='ltr'>pro-</span> 
     </span>
     <span class='ocr_line' id='line_1_33' title="bbox 52 1019 627 1055; baseline 0.005 -10"><span class='ocrx_word' id='word_1_165' title='bbox 52 1019 131 1045; x_wconf 70' lang='lat' dir='ltr'>cefltt</span> <span class='ocrx_word' id='word_1_166' title='bbox 153 1028 159 1046; x_wconf 73' lang='grc' dir='ltr'><em>τ</em></span> <span class='ocrx_word' id='word_1_167' title='bbox 187 1022 343 1054; x_wconf 84' lang='lat' dir='ltr'>urbemque</span> <span class='ocrx_word' id='word_1_168' title='bbox 363 1024 474 1050; x_wconf 84' lang='lat' dir='ltr'>Pelium</span> <span class='ocrx_word' id='word_1_169' title='bbox 493 1025 521 1049; x_wconf 83' lang='lat' dir='ltr'>vi</span> <span class='ocrx_word' id='word_1_170' title='bbox 542 1024 627 1055; x_wconf 85' lang='lat' dir='ltr'>cepit.</span> 
     </span>
     <span class='ocr_line' id='line_1_34' title="bbox 55 1049 629 1093; baseline 0.009 -17"><span class='ocrx_word' id='word_1_171' title='bbox 55 1049 172 1079; x_wconf 84' lang='lat' dir='ltr'>servitia</span> <span class='ocrx_word' id='word_1_172' title='bbox 191 1054 257 1080; x_wconf 80' lang='lat' dir='ltr'>inde</span> <span class='ocrx_word' id='word_1_173' title='bbox 277 1062 340 1081; x_wconf 87' lang='lat' dir='ltr'>cum</span> <span class='ocrx_word' id='word_1_174' title='bbox 358 1060 458 1081; x_wconf 78' lang='lat' dir='ltr'>caetera</span> <span class='ocrx_word' id='word_1_175' title='bbox 479 1056 573 1088; x_wconf 79' lang='lat' dir='ltr'>praeda</span> <span class='ocrx_word' id='word_1_176' title='bbox 584 1055 629 1093; x_wconf 75' lang='lat' dir='ltr'>ab·</span> 
     </span>
     <span class='ocr_line' id='line_1_35' title="bbox 53 1083 630 1118; baseline 0.005 -9"><span class='ocrx_word' id='word_1_177' title='bbox 53 1083 141 1111; x_wconf 78' lang='lat' dir='ltr'>duxit</span> <span class='ocrx_word' id='word_1_178' title='bbox 161 1103 166 1109; x_wconf 86' lang='lat'><strong>.</strong></span> <span class='ocrx_word' id='word_1_179' title='bbox 188 1085 217 1112; x_wconf 71' lang='grc'>8(</span> <span class='ocrx_word' id='word_1_180' title='bbox 235 1086 326 1111; x_wconf 82' lang='lat' dir='ltr'>libera</span> <span class='ocrx_word' id='word_1_181' title='bbox 346 1086 438 1118; x_wconf 85' lang='lat' dir='ltr'>capita</span> <span class='ocrx_word' id='word_1_182' title='bbox 456 1089 517 1117; x_wconf 84' lang='lat' dir='ltr'>fine</span> <span class='ocrx_word' id='word_1_183' title='bbox 536 1093 630 1118; x_wconf 79' lang='lat' dir='ltr'>pretio</span> 
     </span>
     <span class='ocr_line' id='line_1_36' title="bbox 55 1114 631 1153; baseline 0.01 -14"><span class='ocrx_word' id='word_1_184' title='bbox 55 1114 166 1143; x_wconf 71' lang='lat' dir='ltr'>dimilit</span> <span class='ocrx_word' id='word_1_185' title='bbox 186 1124 193 1142; x_wconf 74' lang='grc' dir='ltr'><strong><em>ε</em></strong></span> <span class='ocrx_word' id='word_1_186' title='bbox 213 1118 408 1151; x_wconf 70' lang='lat' dir='ltr'>oppidumque</span> <span class='ocrx_word' id='word_1_187' title='bbox 429 1119 464 1145; x_wconf 80' lang='lat' dir='ltr'>iis</span> <span class='ocrx_word' id='word_1_188' title='bbox 480 1119 631 1153; x_wconf 56' lang='lat' dir='ltr'>reddiditj</span> 
     </span>
     <span class='ocr_line' id='line_1_37' title="bbox 55 1147 632 1182; baseline 0.005 -10"><span class='ocrx_word' id='word_1_189' title='bbox 55 1147 186 1177; x_wconf 79' lang='lat' dir='ltr'>praelidin</span> <span class='ocrx_word' id='word_1_190' title='bbox 203 1149 298 1176; x_wconf 85' lang='lat' dir='ltr'>valido</span> <span class='ocrx_word' id='word_1_191' title='bbox 319 1150 462 1182; x_wconf 76' lang='lat' dir='ltr'>impolito.</span> <span class='ocrx_word' id='word_1_192' title='bbox 483 1151 632 1177; x_wconf 81' lang='lat' dir='ltr'>nam&amp;{1-</span> 
     </span>
     <span class='ocr_line' id='line_1_38' title="bbox 55 1182 630 1215; baseline 0.005 -11"><span class='ocrx_word' id='word_1_193' title='bbox 55 1182 86 1215; x_wconf 58' lang='lat' dir='ltr'>{a</span> <span class='ocrx_word' id='word_1_194' title='bbox 104 1185 268 1212; x_wconf 78' lang='lat' dir='ltr'>opportune</span> <span class='ocrx_word' id='word_1_195' title='bbox 287 1183 356 1208; x_wconf 75' lang='lat' dir='ltr'>urbs</span> <span class='ocrx_word' id='word_1_196' title='bbox 374 1188 434 1208; x_wconf 71' lang='lat' dir='ltr'>erat</span> <span class='ocrx_word' id='word_1_197' title='bbox 453 1183 488 1209; x_wconf 78' lang='lat' dir='ltr'>ad</span> <span class='ocrx_word' id='word_1_198' title='bbox 508 1183 630 1214; x_wconf 80' lang='lat' dir='ltr'>impetus</span> 
     </span>
     <span class='ocr_line' id='line_1_39' title="bbox 59 1211 634 1245; baseline 0.007 -10"><span class='ocrx_word' id='word_1_199' title='bbox 59 1216 90 1235; x_wconf 86' lang='lat' dir='ltr'>m</span> <span class='ocrx_word' id='word_1_200' title='bbox 109 1211 306 1239; x_wconf 83' lang='lat' dir='ltr'>Macedoniam</span> <span class='ocrx_word' id='word_1_201' title='bbox 329 1214 483 1241; x_wconf 80' lang='lat' dir='ltr'>faciendos.</span> <span class='ocrx_word' id='word_1_202' title='bbox 500 1216 543 1240; x_wconf 87' lang='lat' dir='ltr'>lta</span> <span class='ocrx_word' id='word_1_203' title='bbox 556 1220 634 1245; x_wconf 88' lang='lat' dir='ltr'>pera-</span> 
     </span>
     <span class='ocr_line' id='line_1_40' title="bbox 54 1243 634 1277; baseline 0.007 -10"><span class='ocrx_word' id='word_1_204' title='bbox 54 1243 143 1273; x_wconf 83' lang='lat' dir='ltr'>gratis</span> <span class='ocrx_word' id='word_1_205' title='bbox 162 1243 283 1271; x_wconf 75' lang='lat' dir='ltr'>hostium</span> <span class='ocrx_word' id='word_1_206' title='bbox 302 1246 376 1277; x_wconf 75' lang='lat' dir='ltr'>agris</span> <span class='ocrx_word' id='word_1_207' title='bbox 388 1262 396 1274; x_wconf 90' lang='lat'>,</span> <span class='ocrx_word' id='word_1_208' title='bbox 411 1246 510 1272; x_wconf 86' lang='lat' dir='ltr'>consul</span> <span class='ocrx_word' id='word_1_209' title='bbox 530 1247 560 1271; x_wconf 89' lang='lat' dir='ltr'>in</span> <span class='ocrx_word' id='word_1_210' title='bbox 572 1246 634 1271; x_wconf 89' lang='lat' dir='ltr'>loca</span> 
     </span>
     <span class='ocr_line' id='line_1_41' title="bbox 58 1274 631 1308; baseline 0.01 -9"><span class='ocrx_word' id='word_1_211' title='bbox 58 1274 116 1304; x_wconf 77' lang='lat' dir='ltr'>iam</span> <span class='ocrx_word' id='word_1_212' title='bbox 127 1280 224 1304; x_wconf 80' lang='lat' dir='ltr'>pacata</span> <span class='ocrx_word' id='word_1_213' title='bbox 234 1277 269 1302; x_wconf 85' lang='lat' dir='ltr'>ad</span> <span class='ocrx_word' id='word_1_214' title='bbox 280 1277 468 1308; x_wconf 80' lang='lat' dir='ltr'>Apolloniam</span> <span class='ocrx_word' id='word_1_215' title='bbox 478 1295 486 1307; x_wconf 83' lang='lat'>‚</span> <span class='ocrx_word' id='word_1_216' title='bbox 498 1278 574 1304; x_wconf 84' lang='lat' dir='ltr'>unde</span> <span class='ocrx_word' id='word_1_217' title='bbox 584 1284 631 1302; x_wconf 91' lang='lat' dir='ltr'>or-</span> 
     </span>
     <span class='ocr_line' id='line_1_42' title="bbox 56 1303 630 1340; baseline 0.005 -10"><span class='ocrx_word' id='word_1_218' title='bbox 56 1303 105 1330; x_wconf 80' lang='lat' dir='ltr'>sus</span> <span class='ocrx_word' id='word_1_219' title='bbox 131 1306 233 1334; x_wconf 88' lang='lat' dir='ltr'>bellum</span> <span class='ocrx_word' id='word_1_220' title='bbox 259 1314 320 1335; x_wconf 86' lang='lat' dir='ltr'>erat</span> <span class='ocrx_word' id='word_1_221' title='bbox 347 1325 355 1338; x_wconf 95' lang='lat'>,</span> <span class='ocrx_word' id='word_1_222' title='bbox 382 1310 476 1340; x_wconf 84' lang='lat' dir='ltr'>copias</span> <span class='ocrx_word' id='word_1_223' title='bbox 504 1309 630 1335; x_wconf 89' lang='lat' dir='ltr'>reduxit.</span> 
     </span>
     <span class='ocr_line' id='line_1_43' title="bbox 57 1336 633 1370; baseline 0.007 -8"><span class='ocrx_word' id='word_1_224' title='bbox 57 1336 224 1370; x_wconf 79' lang='lat' dir='ltr'>Philippum</span> <span class='ocrx_word' id='word_1_225' title='bbox 241 1346 404 1367; x_wconf 86' lang='lat' dir='ltr'>averterant</span> <span class='ocrx_word' id='word_1_226' title='bbox 421 1341 536 1370; x_wconf 85' lang='lat' dir='ltr'>AEtoli‚</span> <span class='ocrx_word' id='word_1_227' title='bbox 552 1341 581 1367; x_wconf 75' lang='lat' dir='ltr'>St</span> <span class='ocrx_word' id='word_1_228' title='bbox 592 1343 633 1366; x_wconf 86' lang='grc' dir='ltr'>Α-</span> 
     </span>
     <span class='ocr_line' id='line_1_44' title="bbox 60 1369 634 1402; baseline 0.007 -8"><span class='ocrx_word' id='word_1_229' title='bbox 60 1369 206 1397; x_wconf 68' lang='lat' dir='ltr'>[namanes</span> <span class='ocrx_word' id='word_1_230' title='bbox 217 1388 225 1397; x_wconf 79' lang='grc'>,</span> <span class='ocrx_word' id='word_1_231' title='bbox 242 1371 270 1399; x_wconf 71' lang='lat'>8&lt;</span> <span class='ocrx_word' id='word_1_232' title='bbox 290 1373 439 1402; x_wconf 84' lang='lat' dir='ltr'>Dardani,</span> <span class='ocrx_word' id='word_1_233' title='bbox 457 1373 487 1400; x_wconf 75' lang='lat'>8&lt;</span> <span class='ocrx_word' id='word_1_234' title='bbox 503 1378 549 1400; x_wconf 86' lang='lat' dir='ltr'>tot</span> <span class='ocrx_word' id='word_1_235' title='bbox 561 1372 634 1398; x_wconf 87' lang='lat' dir='ltr'>bella</span> 
     </span>
     <span class='ocr_line' id='line_1_45' title="bbox 59 1403 631 1432; baseline 0.005 -6"><span class='ocrx_word' id='word_1_236' title='bbox 59 1407 176 1432; x_wconf 83' lang='lat' dir='ltr'>repente</span> <span class='ocrx_word' id='word_1_237' title='bbox 199 1403 255 1429; x_wconf 88' lang='lat' dir='ltr'>alia</span> <span class='ocrx_word' id='word_1_238' title='bbox 281 1410 316 1429; x_wconf 85' lang='lat' dir='ltr'>ex</span> <span class='ocrx_word' id='word_1_239' title='bbox 341 1405 406 1430; x_wconf 84' lang='lat' dir='ltr'>aliis</span> <span class='ocrx_word' id='word_1_240' title='bbox 431 1404 501 1431; x_wconf 81' lang='lat' dir='ltr'>locis</span> <span class='ocrx_word' id='word_1_241' title='bbox 521 1411 631 1431; x_wconf 84' lang='lat' dir='ltr'>exorta.</span> 
     </span>
     <span class='ocr_line' id='line_1_46' title="bbox 57 1432 636 1470; baseline 0.005 -11"><span class='ocrx_word' id='word_1_242' title='bbox 57 1432 203 1460; x_wconf 72' lang='lat' dir='ltr'>Adversus</span> <span class='ocrx_word' id='word_1_243' title='bbox 224 1436 372 1462; x_wconf 80' lang='lat' dir='ltr'>Dardanos</span> <span class='ocrx_word' id='word_1_244' title='bbox 389 1436 447 1467; x_wconf 75' lang='lat' dir='ltr'>jam</span> <span class='ocrx_word' id='word_1_245' title='bbox 466 1437 636 1470; x_wconf 86' lang='lat' dir='ltr'>recipientes</span> 
     </span>
     <span class='ocr_line' id='line_1_47' title="bbox 57 1466 631 1500; baseline 0.007 -11"><span class='ocrx_word' id='word_1_246' title='bbox 57 1470 96 1490; x_wconf 83' lang='lat' dir='ltr'>ex</span> <span class='ocrx_word' id='word_1_247' title='bbox 123 1466 299 1493; x_wconf 51' lang='lat' dir='ltr'>Macedonia«</span> <span class='ocrx_word' id='word_1_248' title='bbox 311 1466 368 1494; x_wconf 86' lang='lat' dir='ltr'>sese</span> <span class='ocrx_word' id='word_1_249' title='bbox 384 1484 393 1495; x_wconf 64' lang='lat'>⁷</span> <span class='ocrx_word' id='word_1_250' title='bbox 420 1468 631 1500; x_wconf 82' lang='lat' dir='ltr'>Athenagoram</span> 
     </span>
     <span class='ocr_line' id='line_1_48' title="bbox 55 1498 635 1531; baseline 0.003 -8"><span class='ocrx_word' id='word_1_251' title='bbox 55 1503 121 1523; x_wconf 78' lang='lat' dir='ltr'>cum</span> <span class='ocrx_word' id='word_1_252' title='bbox 145 1498 288 1529; x_wconf 73' lang='lat' dir='ltr'>expeditis</span> <span class='ocrx_word' id='word_1_253' title='bbox 311 1499 452 1531; x_wconf 83' lang='lat' dir='ltr'>peditibus</span> <span class='ocrx_word' id='word_1_254' title='bbox 478 1507 510 1526; x_wconf 89' lang='lat' dir='ltr'>ac</span> <span class='ocrx_word' id='word_1_255' title='bbox 527 1500 635 1531; x_wconf 85' lang='lat' dir='ltr'>majore</span> 
     </span>
     <span class='ocr_line' id='line_1_49' title="bbox 58 1531 634 1562; baseline 0.005 -8"><span class='ocrx_word' id='word_1_256' title='bbox 58 1534 142 1561; x_wconf 82' lang='lat' dir='ltr'>parte</span> <span class='ocrx_word' id='word_1_257' title='bbox 161 1531 305 1560; x_wconf 74' lang='lat' dir='ltr'>equitatus</span> <span class='ocrx_word' id='word_1_258' title='bbox 324 1532 399 1557; x_wconf 79' lang='lat' dir='ltr'>milit</span> <span class='ocrx_word' id='word_1_259' title='bbox 410 1548 418 1560; x_wconf 86' lang='lat'>‚</span> <span class='ocrx_word' id='word_1_260' title='bbox 434 1531 634 1562; x_wconf 79' lang='lat' dir='ltr'>juffuminsta-</span> 
     </span>
     <span class='ocr_line' id='line_1_50' title="bbox 59 1560 634 1594; baseline 0.007 -9"><span class='ocrx_word' id='word_1_261' title='bbox 59 1566 93 1587; x_wconf 85' lang='lat' dir='ltr'>re</span> <span class='ocrx_word' id='word_1_262' title='bbox 111 1560 144 1585; x_wconf 88' lang='lat' dir='ltr'>ab</span> <span class='ocrx_word' id='word_1_263' title='bbox 162 1566 243 1594; x_wconf 79' lang='lat' dir='ltr'>tergo</span> <span class='ocrx_word' id='word_1_264' title='bbox 251 1563 421 1591; x_wconf 78' lang='lat' dir='ltr'>abeuntibus</span> <span class='ocrx_word' id='word_1_265' title='bbox 432 1580 440 1592; x_wconf 79' lang='lat'>‚</span> <span class='ocrx_word' id='word_1_266' title='bbox 455 1563 483 1589; x_wconf 73' lang='grc' dir='ltr'>δε</span> <span class='ocrx_word' id='word_1_267' title='bbox 494 1564 634 1594; x_wconf 85' lang='lat' dir='ltr'>carpendo</span> 
     </span>
     <span class='ocr_line' id='line_1_51' title="bbox 60 1592 633 1627; baseline 0.007 -10"><span class='ocrx_word' id='word_1_268' title='bbox 60 1592 230 1623; x_wconf 81' lang='lat' dir='ltr'>postremum</span> <span class='ocrx_word' id='word_1_269' title='bbox 251 1600 348 1626; x_wconf 72' lang='lat' dir='ltr'>agmen</span> <span class='ocrx_word' id='word_1_270' title='bbox 362 1611 371 1624; x_wconf 87' lang='lat'>‚</span> <span class='ocrx_word' id='word_1_271' title='bbox 388 1594 531 1627; x_wconf 77' lang='lat' dir='ltr'>segniores</span> <span class='ocrx_word' id='word_1_272' title='bbox 540 1602 587 1620; x_wconf 89' lang='lat' dir='ltr'>eos</span> <span class='ocrx_word' id='word_1_273' title='bbox 598 1596 633 1621; x_wconf 92' lang='lat' dir='ltr'>ad</span> 
     </span>
     <span class='ocr_line' id='line_1_52' title="bbox 61 1624 634 1654; baseline 0.007 -6"><span class='ocrx_word' id='word_1_274' title='bbox 61 1624 218 1650; x_wconf 75' lang='lat' dir='ltr'>movendos</span> <span class='ocrx_word' id='word_1_275' title='bbox 246 1626 334 1651; x_wconf 88' lang='lat' dir='ltr'>domo</span> <span class='ocrx_word' id='word_1_276' title='bbox 351 1627 496 1654; x_wconf 80' lang='lat' dir='ltr'>exercitus</span> <span class='ocrx_word' id='word_1_277' title='bbox 513 1626 634 1653; x_wconf 78' lang='lat' dir='ltr'>efficere.</span> 
     </span>
     <span class='ocr_line' id='line_1_53' title="bbox 62 1653 636 1690; baseline 0.003 -9"><span class='ocrx_word' id='word_1_278' title='bbox 62 1653 186 1681; x_wconf 81' lang='lat' dir='ltr'>AEtolos·</span> <span class='ocrx_word' id='word_1_279' title='bbox 204 1658 387 1684; x_wconf 81' lang='lat' dir='ltr'>Damocritus</span> <span class='ocrx_word' id='word_1_280' title='bbox 417 1663 522 1689; x_wconf 73' lang='lat' dir='ltr'>praetor</span> <span class='ocrx_word' id='word_1_281' title='bbox 538 1674 546 1687; x_wconf 87' lang='lat'><em>‚</em></span> <span class='ocrx_word' id='word_1_282' title='bbox 579 1658 636 1690; x_wconf 65' lang='lat' dir='ltr'>quiv</span> 
     </span>
     <span class='ocr_line' id='line_1_54' title="bbox 61 1689 637 1717; baseline 0.007 -5"><span class='ocrx_word' id='word_1_283' title='bbox 61 1692 149 1713; x_wconf 71' lang='lat' dir='ltr'>morte</span> <span class='ocrx_word' id='word_1_284' title='bbox 173 1689 208 1715; x_wconf 85' lang='lat' dir='ltr'>ad</span> <span class='ocrx_word' id='word_1_285' title='bbox 234 1689 443 1715; x_wconf 82' lang='lat' dir='ltr'>decernendum</span> <span class='ocrx_word' id='word_1_286' title='bbox 468 1690 574 1717; x_wconf 84' lang='lat' dir='ltr'>bellum</span> <span class='ocrx_word' id='word_1_287' title='bbox 601 1690 637 1716; x_wconf 85' lang='lat' dir='ltr'>ad</span> 
     </span>
     <span class='ocr_line' id='line_1_55' title="bbox 61 1718 635 1754; baseline 0.003 -10"><span class='ocrx_word' id='word_1_288' title='bbox 61 1718 241 1751; x_wconf 70' lang='lat' dir='ltr'>Naupactum</span> <span class='ocrx_word' id='word_1_289' title='bbox 252 1722 349 1746; x_wconf 69' lang='lat' dir='ltr'>auctor</span> <span class='ocrx_word' id='word_1_290' title='bbox 360 1721 454 1748; x_wconf 84' lang='lat' dir='ltr'>fuerat</span> <span class='ocrx_word' id='word_1_291' title='bbox 465 1738 474 1750; x_wconf 85' lang='lat'>‚</span> <span class='ocrx_word' id='word_1_292' title='bbox 485 1722 558 1748; x_wconf 86' lang='lat' dir='ltr'>idern</span> <span class='ocrx_word' id='word_1_293' title='bbox 570 1728 635 1754; x_wconf 91' lang='lat' dir='ltr'>pro-</span> 
     </span>
     <span class='ocr_line' id='line_1_56' title="bbox 63 1750 633 1780; baseline 0.005 -5"><span class='ocrx_word' id='word_1_294' title='bbox 63 1750 144 1776; x_wconf 82' lang='lat' dir='ltr'>ximo</span> <span class='ocrx_word' id='word_1_295' title='bbox 163 1751 286 1779; x_wconf 91' lang='lat' dir='ltr'>concilio</span> <span class='ocrx_word' id='word_1_296' title='bbox 303 1753 338 1779; x_wconf 86' lang='lat' dir='ltr'>ad</span> <span class='ocrx_word' id='word_1_297' title='bbox 357 1760 433 1780; x_wconf 85' lang='lat' dir='ltr'>arma</span> <span class='ocrx_word' id='word_1_298' title='bbox 450 1754 612 1779; x_wconf 83' lang='lat' dir='ltr'>conciverat</span> <span class='ocrx_word' id='word_1_299' title='bbox 626 1761 633 1778; x_wconf 76' lang='lat' dir='ltr'>t</span> 
     </span>
     <span class='ocr_line' id='line_1_57' title="bbox 59 1781 637 1817; baseline 0.007 -10"><span class='ocrx_word' id='word_1_300' title='bbox 59 1781 124 1814; x_wconf 79' lang='lat' dir='ltr'>post</span> <span class='ocrx_word' id='word_1_301' title='bbox 159 1782 259 1808; x_wconf 82' lang='lat' dir='ltr'>famam</span> <span class='ocrx_word' id='word_1_302' title='bbox 294 1785 430 1817; x_wconf 87' lang='lat' dir='ltr'>equestris</span> <span class='ocrx_word' id='word_1_303' title='bbox 457 1786 492 1811; x_wconf 80' lang='lat' dir='ltr'>ad</span> <span class='ocrx_word' id='word_1_304' title='bbox 520 1784 637 1811; x_wconf 77' lang='lat' dir='ltr'>Ostolo-</span> 
     </span>
     <span class='ocr_line' id='line_1_58' title="bbox 58 1814 636 1869; baseline 0.009 -31"><span class='ocrx_word' id='word_1_305' title='bbox 58 1814 148 1869; x_wconf 44' lang='lat' dir='ltr'>§hum</span> <span class='ocrx_word' id='word_1_306' title='bbox 176 1820 276 1847; x_wconf 80' lang='lat' dir='ltr'>pngnae</span> <span class='ocrx_word' id='word_1_307' title='bbox 295 1832 303 1844; x_wconf 86' lang='lat'>,</span> <span class='ocrx_word' id='word_1_308' title='bbox 333 1817 591 1847; x_wconf 80' lang='lat' dir='ltr'>Dardanorumque</span> <span class='ocrx_word' id='word_1_309' title='bbox 608 1816 636 1843; x_wconf 66' lang='lat'>3:</span> 
     </span>
    </p>

    <p class='ocr_par' dir='ltr' id='par_1_9' title="bbox 61 1846 639 2030">
     <span class='ocr_line' id='line_1_59' title="bbox 88 1846 634 1879; baseline 0.007 -9"><span class='ocrx_word' id='word_1_310' title='bbox 88 1846 192 1871; x_wconf 79' lang='lat' dir='ltr'>leurati</span> <span class='ocrx_word' id='word_1_311' title='bbox 219 1854 282 1873; x_wconf 84' lang='lat' dir='ltr'>cum</span> <span class='ocrx_word' id='word_1_312' title='bbox 302 1848 415 1879; x_wconf 81' lang='lat' dir='ltr'>lllyriis</span> <span class='ocrx_word' id='word_1_313' title='bbox 434 1848 585 1874; x_wconf 71' lang='lat' dir='ltr'>transitum</span> <span class='ocrx_word' id='word_1_314' title='bbox 605 1849 634 1874; x_wconf 86' lang='lat' dir='ltr'>in</span> 
     </span>
     <span class='ocr_line' id='line_1_60' title="bbox 63 1877 638 1907; baseline 0.007 -5"><span class='ocrx_word' id='word_1_315' title='bbox 63 1877 263 1904; x_wconf 80' lang='lat' dir='ltr'>Macedoniam</span> <span class='ocrx_word' id='word_1_316' title='bbox 275 1895 283 1907; x_wconf 83' lang='lat'>‚</span> <span class='ocrx_word' id='word_1_317' title='bbox 300 1880 335 1905; x_wconf 88' lang='lat' dir='ltr'>ad</span> <span class='ocrx_word' id='word_1_318' title='bbox 357 1880 414 1906; x_wconf 73' lang='lat' dir='ltr'>baec</span> <span class='ocrx_word' id='word_1_319' title='bbox 432 1880 521 1906; x_wconf 82' lang='lat' dir='ltr'>classis</span> <span class='ocrx_word' id='word_1_320' title='bbox 532 1881 638 1906; x_wconf 84' lang='lat' dir='ltr'>Roma-</span> 
     </span>
     <span class='ocr_line' id='line_1_61' title="bbox 61 1909 639 1948; baseline 0.003 -13"><span class='ocrx_word' id='word_1_321' title='bbox 61 1915 105 1935; x_wconf 74' lang='lat' dir='ltr'>nae</span> <span class='ocrx_word' id='word_1_322' title='bbox 123 1909 275 1936; x_wconf 77' lang='lat' dir='ltr'>adventum</span> <span class='ocrx_word' id='word_1_323' title='bbox 296 1911 326 1936; x_wconf 91' lang='lat' dir='ltr'>in</span> <span class='ocrx_word' id='word_1_324' title='bbox 347 1912 452 1937; x_wconf 88' lang='lat' dir='ltr'>Oreum</span> <span class='ocrx_word' id='word_1_325' title='bbox 471 1928 479 1939; x_wconf 87' lang='lat'>‚</span> <span class='ocrx_word' id='word_1_326' title='bbox 505 1912 533 1939; x_wconf 73' lang='grc'>8(</span> <span class='ocrx_word' id='word_1_327' title='bbox 556 1910 639 1948; x_wconf 73' lang='lat' dir='ltr'>super</span> 
     </span>
     <span class='ocr_line' id='line_1_62' title="bbox 63 1940 637 1976; baseline 0.003 -10"><span class='ocrx_word' id='word_1_328' title='bbox 63 1940 248 1968; x_wconf 73' lang='lat' dir='ltr'>circumfluas</span> <span class='ocrx_word' id='word_1_329' title='bbox 267 1948 311 1969; x_wconf 85' lang='lat' dir='ltr'>tor</span> <span class='ocrx_word' id='word_1_330' title='bbox 329 1944 508 1970; x_wconf 69' lang='lat' dir='ltr'>Macedoniae</span> <span class='ocrx_word' id='word_1_331' title='bbox 519 1949 637 1976; x_wconf 82' lang='lat' dir='ltr'>gentes,</span> 
     </span>
     <span class='ocr_line' id='line_1_63' title="bbox 62 1972 639 2030; baseline 0.005 -32"><span class='ocrx_word' id='word_1_332' title='bbox 62 1972 234 2030; x_wconf 51' lang='lat' dir='ltr'>:finitimam</span> <span class='ocrx_word' id='word_1_333' title='bbox 261 1981 377 2007; x_wconf 88' lang='lat' dir='ltr'>quoque</span> <span class='ocrx_word' id='word_1_334' title='bbox 395 1975 547 2001; x_wconf 81' lang='lat' dir='ltr'>instantem</span> <span class='ocrx_word' id='word_1_335' title='bbox 564 1974 639 2001; x_wconf 80' lang='lat' dir='ltr'>obfi-</span> 
     </span>
    </p>

    <p class='ocr_par' dir='ltr' id='par_1_10' title="bbox 97 2011 191 2031">
     <span class='ocr_line' id='line_1_64' title="bbox 97 2011 191 2031; baseline 0 -2"><span class='ocrx_word' id='word_1_336' title='bbox 97 2011 191 2031; x_wconf 90' lang='lat' dir='ltr'>onem.</span> 
     </span>
    </p>

    <p class='ocr_par' dir='ltr' id='par_1_11' title="bbox 63 2036 641 2324">
     <span class='ocr_line' id='line_1_65' title="bbox 98 2036 638 2069; baseline 0.006 -8"><span class='ocrx_word' id='word_1_337' title='bbox 98 2036 167 2069; x_wconf 85' lang='lat' dir='ltr'>Cap.</span> <span class='ocrx_word' id='word_1_338' title='bbox 188 2038 282 2064; x_wconf 77' lang='lat' dir='ltr'>XLI.</span> <span class='ocrx_word' id='word_1_339' title='bbox 300 2038 351 2063; x_wconf 76' lang='lat' dir='ltr'>Hoe</span> <span class='ocrx_word' id='word_1_340' title='bbox 368 2037 465 2065; x_wconf 66' lang='lat' dir='ltr'>cauffae</span> <span class='ocrx_word' id='word_1_341' title='bbox 487 2039 638 2064; x_wconf 88' lang='lat' dir='ltr'>Damocri-</span> 
     </span>
     <span class='ocr_line' id='line_1_66' title="bbox 63 2068 639 2101; baseline 0.003 -8"><span class='ocrx_word' id='word_1_342' title='bbox 63 2070 126 2094; x_wconf 84' lang='lat' dir='ltr'>tum</span> <span class='ocrx_word' id='word_1_343' title='bbox 163 2068 334 2101; x_wconf 80' lang='lat' dir='ltr'>AEtolosque</span> <span class='ocrx_word' id='word_1_344' title='bbox 368 2071 551 2097; x_wconf 84' lang='lat' dir='ltr'>restituerant</span> <span class='ocrx_word' id='word_1_345' title='bbox 579 2072 639 2096; x_wconf 79' lang='lat' dir='ltr'>Ro-</span> 
     </span>
     <span class='ocr_line' id='line_1_67' title="bbox 65 2099 639 2135; baseline 0.005 -11"><span class='ocrx_word' id='word_1_346' title='bbox 65 2099 159 2129; x_wconf 83' lang='lat' dir='ltr'>manis</span> <span class='ocrx_word' id='word_1_347' title='bbox 177 2108 184 2124; x_wconf 84' lang='lat'>:</span> <span class='ocrx_word' id='word_1_348' title='bbox 203 2100 232 2128; x_wconf 85' lang='lat'>&amp;</span> <span class='ocrx_word' id='word_1_349' title='bbox 254 2102 443 2132; x_wconf 84' lang='lat' dir='ltr'>Amynandro</span> <span class='ocrx_word' id='word_1_350' title='bbox 463 2108 526 2135; x_wconf 78' lang='lat' dir='ltr'>rege</span> <span class='ocrx_word' id='word_1_351' title='bbox 540 2102 639 2128; x_wconf 75' lang='lat' dir='ltr'>Atha·</span> 
     </span>
     <span class='ocr_line' id='line_1_68' title="bbox 65 2133 640 2164; baseline 0.007 -9"><span class='ocrx_word' id='word_1_352' title='bbox 65 2136 180 2157; x_wconf 85' lang='lat' dir='ltr'>manum</span> <span class='ocrx_word' id='word_1_353' title='bbox 205 2133 341 2162; x_wconf 58' lang='lat' dir='ltr'>adjurato</span> <span class='ocrx_word' id='word_1_354' title='bbox 365 2134 485 2164; x_wconf 64' lang='lat' dir='ltr'>profesti</span> <span class='ocrx_word' id='word_1_355' title='bbox 507 2151 515 2164; x_wconf 93' lang='lat'>,</span> <span class='ocrx_word' id='word_1_356' title='bbox 544 2135 640 2160; x_wconf 88' lang='lat' dir='ltr'>Cerci-</span> 
     </span>
     <span class='ocr_line' id='line_1_69' title="bbox 66 2162 640 2198; baseline 0.007 -11"><span class='ocrx_word' id='word_1_357' title='bbox 66 2162 148 2188; x_wconf 82' lang='lat' dir='ltr'>nium</span> <span class='ocrx_word' id='word_1_358' title='bbox 169 2164 311 2191; x_wconf 78' lang='lat' dir='ltr'>obsedere.</span> <span class='ocrx_word' id='word_1_359' title='bbox 329 2164 496 2191; x_wconf 66' lang='lat' dir='ltr'>Clauserant</span> <span class='ocrx_word' id='word_1_360' title='bbox 523 2171 640 2198; x_wconf 75' lang='lat' dir='ltr'>portas;</span> 
     </span>
     <span class='ocr_line' id='line_1_70' title="bbox 63 2192 641 2230; baseline 0.009 -12"><span class='ocrx_word' id='word_1_361' title='bbox 63 2192 203 2220; x_wconf 78' lang='lat' dir='ltr'>Incertum</span> <span class='ocrx_word' id='word_1_362' title='bbox 233 2197 259 2221; x_wconf 91' lang='lat' dir='ltr'>vi</span> <span class='ocrx_word' id='word_1_363' title='bbox 282 2213 290 2223; x_wconf 82' lang='lat'>.</span> <span class='ocrx_word' id='word_1_364' title='bbox 319 2202 356 2222; x_wconf 85' lang='lat' dir='ltr'>an</span> <span class='ocrx_word' id='word_1_365' title='bbox 383 2198 552 2226; x_wconf 85' lang='lat' dir='ltr'>voluntate:</span> <span class='ocrx_word' id='word_1_366' title='bbox 574 2198 641 2230; x_wconf 87' lang='lat' dir='ltr'>quia</span> 
     </span>
     <span class='ocr_line' id='line_1_71' title="bbox 65 2225 641 2259; baseline 0.009 -9"><span class='ocrx_word' id='word_1_367' title='bbox 65 2225 176 2258; x_wconf 84' lang='lat' dir='ltr'>regium</span> <span class='ocrx_word' id='word_1_368' title='bbox 193 2227 334 2254; x_wconf 85' lang='lat' dir='ltr'>habebant</span> <span class='ocrx_word' id='word_1_369' title='bbox 353 2229 525 2259; x_wconf 70' lang='lat' dir='ltr'>praesidium.</span> <span class='ocrx_word' id='word_1_370' title='bbox 551 2230 641 2255; x_wconf 76' lang='lat' dir='ltr'>Caete·</span> 
     </span>
     <span class='ocr_line' id='line_1_72' title="bbox 65 2258 640 2293; baseline 0.01 -12"><span class='ocrx_word' id='word_1_371' title='bbox 65 2262 130 2281; x_wconf 83' lang='lat' dir='ltr'>rum</span> <span class='ocrx_word' id='word_1_372' title='bbox 157 2258 232 2283; x_wconf 82' lang='lat' dir='ltr'>intra</span> <span class='ocrx_word' id='word_1_373' title='bbox 259 2265 361 2288; x_wconf 80' lang='lat' dir='ltr'>paucos</span> <span class='ocrx_word' id='word_1_374' title='bbox 391 2261 450 2286; x_wconf 83' lang='lat' dir='ltr'>dies</span> <span class='ocrx_word' id='word_1_375' title='bbox 468 2266 580 2293; x_wconf 68' lang='lat' dir='ltr'>captum</span> <span class='ocrx_word' id='word_1_376' title='bbox 602 2261 640 2287; x_wconf 84' lang='lat' dir='ltr'>est</span> 
     </span>
     <span class='ocr_line' id='line_1_73' title="bbox 66 2288 640 2324; baseline 0.01 -12"><span class='ocrx_word' id='word_1_377' title='bbox 66 2288 230 2314; x_wconf 85' lang='lat' dir='ltr'>Cercinium</span> <span class='ocrx_word' id='word_1_378' title='bbox 242 2306 250 2318; x_wconf 85' lang='lat'>‚</span> <span class='ocrx_word' id='word_1_379' title='bbox 267 2292 516 2322; x_wconf 85' lang='lat' dir='ltr'>atqueincensum.</span> <span class='ocrx_word' id='word_1_380' title='bbox 534 2293 583 2324; x_wconf 88' lang='lat' dir='ltr'>qui</span> <span class='ocrx_word' id='word_1_381' title='bbox 596 2292 640 2318; x_wconf 90' lang='lat' dir='ltr'>su-</span> 
     </span>
    </p>
   </div>
   <div class='ocr_carea' id='block_1_8' title="bbox 669 835 1254 901">
    <p class='ocr_par' dir='ltr' id='par_1_12' title="bbox 651 144 1254 1111">
     <span class='ocr_line' id='line_1_74' title="bbox 669 835 1254 871; baseline 0.01 -10.821"><span class='ocrx_word' id='word_1_382' title='bbox 669 835 740 861; x_wconf 76' lang='lat' dir='ltr'>cado</span> <span class='ocrx_word' id='word_1_383' title='bbox 760 836 824 862; x_wconf 90' lang='lat' dir='ltr'>urbi</span> <span class='ocrx_word' id='word_1_384' title='bbox 845 838 974 865; x_wconf 84' lang='lat' dir='ltr'>videret,</span> <span class='ocrx_word' id='word_1_385' title='bbox 1001 837 1061 870; x_wconf 86' lang='lat' dir='ltr'>ipse</span> <span class='ocrx_word' id='word_1_386' title='bbox 1079 840 1167 871; x_wconf 83' lang='lat' dir='ltr'>paulo</span> <span class='ocrx_word' id='word_1_387' title='bbox 1188 840 1254 871; x_wconf 83' lang='lat' dir='ltr'>plus</span> 
     </span>
     <span class='ocr_line' id='line_1_75' title="bbox 674 868 1249 901; baseline 0.012 -10"><span class='ocrx_word' id='word_1_388' title='bbox 674 868 899 898; x_wconf 72' lang='lat' dir='ltr'>quingentorum</span> <span class='ocrx_word' id='word_1_389' title='bbox 919 869 1043 901; x_wconf 70' lang='lat' dir='ltr'>passuum</span> <span class='ocrx_word' id='word_1_390' title='bbox 1064 870 1133 897; x_wconf 85' lang='lat' dir='ltr'>inde</span> <span class='ocrx_word' id='word_1_391' title='bbox 1153 877 1249 898; x_wconf 89' lang='lat' dir='ltr'>tumu—</span> 
     </span>
    </p>
   </div>
   <div class='ocr_carea' id='block_1_9' title="bbox 671 134 1257 835">
    <p class='ocr_par' dir='ltr' id='par_1_13' title="bbox 671 134 1257 835">
     <span class='ocr_line' id='line_1_76' title="bbox 679 134 1252 169; baseline 0.009 -9"><span class='ocrx_word' id='word_1_392' title='bbox 679 134 815 161; x_wconf 70' lang='lat' dir='ltr'>lstimor</span> <span class='ocrx_word' id='word_1_393' title='bbox 833 141 949 166; x_wconf 86' lang='lat' dir='ltr'>ornnes,</span> <span class='ocrx_word' id='word_1_394' title='bbox 971 136 1021 169; x_wconf 77' lang='lat' dir='ltr'>qui</span> <span class='ocrx_word' id='word_1_395' title='bbox 1042 136 1252 165; x_wconf 79' lang='lat' dir='ltr'>circumcolunt</span> 
     </span>
     <span class='ocr_line' id='line_1_77' title="bbox 682 167 1250 202; baseline 0.011 -12"><span class='ocrx_word' id='word_1_396' title='bbox 682 167 790 192; x_wconf 88' lang='lat' dir='ltr'>Boeben</span> <span class='ocrx_word' id='word_1_397' title='bbox 812 167 941 202; x_wconf 76' lang='lat' dir='ltr'>paludem</span> <span class='ocrx_word' id='word_1_398' title='bbox 961 184 970 195; x_wconf 84' lang='lat'>‚</span> <span class='ocrx_word' id='word_1_399' title='bbox 986 169 1093 195; x_wconf 57' lang='lat' dir='ltr'>relictis</span> <span class='ocrx_word' id='word_1_400' title='bbox 1112 170 1229 196; x_wconf 82' lang='lat' dir='ltr'>urbibus</span> <span class='ocrx_word' id='word_1_401' title='bbox 1241 188 1250 200; x_wconf 86' lang='lat'><em>,</em></span> 
     </span>
     <span class='ocr_line' id='line_1_78' title="bbox 681 200 1253 235; baseline 0.009 -12"><span class='ocrx_word' id='word_1_402' title='bbox 681 205 791 224; x_wconf 74' lang='lat' dir='ltr'>montes</span> <span class='ocrx_word' id='word_1_403' title='bbox 809 201 905 230; x_wconf 59' lang='lat' dir='ltr'>coegit</span> <span class='ocrx_word' id='word_1_404' title='bbox 925 205 1028 232; x_wconf 83' lang='lat' dir='ltr'>petere.</span> <span class='ocrx_word' id='word_1_405' title='bbox 1046 200 1142 227; x_wconf 81' lang='lat' dir='ltr'>AEtoli</span> <span class='ocrx_word' id='word_1_406' title='bbox 1152 203 1253 235; x_wconf 82' lang='lat' dir='ltr'>inopia</span> 
     </span>
     <span class='ocr_line' id='line_1_79' title="bbox 677 230 1254 260; baseline 0.009 -5"><span class='ocrx_word' id='word_1_407' title='bbox 677 230 776 260; x_wconf 71' lang='lat' dir='ltr'>praedae</span> <span class='ocrx_word' id='word_1_408' title='bbox 785 231 853 257; x_wconf 87' lang='lat' dir='ltr'>inde</span> <span class='ocrx_word' id='word_1_409' title='bbox 864 232 951 258; x_wconf 74' lang='lat' dir='ltr'>aversi</span> <span class='ocrx_word' id='word_1_410' title='bbox 963 249 969 260; x_wconf 88' lang='lat'><strong><em>‚</em></strong></span> <span class='ocrx_word' id='word_1_411' title='bbox 988 233 1017 258; x_wconf 86' lang='lat' dir='ltr'>in</span> <span class='ocrx_word' id='word_1_412' title='bbox 1031 233 1199 259; x_wconf 78' lang='lat' dir='ltr'>Perroebiam</span> <span class='ocrx_word' id='word_1_413' title='bbox 1211 236 1254 260; x_wconf 83' lang='lat' dir='ltr'>ite</span> 
     </span>
     <span class='ocr_line' id='line_1_80' title="bbox 675 264 1253 297; baseline 0.007 -10"><span class='ocrx_word' id='word_1_414' title='bbox 675 268 812 294; x_wconf 66' lang='lat' dir='ltr'>pergunt.</span> <span class='ocrx_word' id='word_1_415' title='bbox 831 264 962 295; x_wconf 84' lang='lat' dir='ltr'>Cyretias</span> <span class='ocrx_word' id='word_1_416' title='bbox 971 264 1011 291; x_wconf 89' lang='lat' dir='ltr'>ibi</span> <span class='ocrx_word' id='word_1_417' title='bbox 1023 266 1048 291; x_wconf 88' lang='lat' dir='ltr'>vi</span> <span class='ocrx_word' id='word_1_418' title='bbox 1060 268 1189 297; x_wconf 73' lang='lat' dir='ltr'>capiunt,</span> <span class='ocrx_word' id='word_1_419' title='bbox 1199 266 1253 292; x_wconf 86' lang='lat' dir='ltr'>foe-</span> 
     </span>
     <span class='ocr_line' id='line_1_81' title="bbox 677 293 1254 328; baseline 0.009 -9"><span class='ocrx_word' id='word_1_420' title='bbox 677 293 770 326; x_wconf 88' lang='lat' dir='ltr'>deque</span> <span class='ocrx_word' id='word_1_421' title='bbox 788 294 950 327; x_wconf 83' lang='lat' dir='ltr'>diripiunt:</span> <span class='ocrx_word' id='word_1_422' title='bbox 970 297 1021 328; x_wconf 87' lang='lat' dir='ltr'>qui</span> <span class='ocrx_word' id='word_1_423' title='bbox 1041 298 1187 324; x_wconf 83' lang='lat' dir='ltr'>Malloeam</span> <span class='ocrx_word' id='word_1_424' title='bbox 1207 298 1254 324; x_wconf 88' lang='lat' dir='ltr'>in-</span> 
     </span>
     <span class='ocr_line' id='line_1_82' title="bbox 679 326 1254 356; baseline 0.005 -5"><span class='ocrx_word' id='word_1_425' title='bbox 679 326 782 353; x_wconf 88' lang='lat' dir='ltr'>colunt</span> <span class='ocrx_word' id='word_1_426' title='bbox 793 343 800 355; x_wconf 86' lang='lat'>,</span> <span class='ocrx_word' id='word_1_427' title='bbox 818 328 968 354; x_wconf 84' lang='lat' dir='ltr'>voluntate</span> <span class='ocrx_word' id='word_1_428' title='bbox 979 329 1009 354; x_wconf 87' lang='lat' dir='ltr'>in</span> <span class='ocrx_word' id='word_1_429' title='bbox 1019 329 1197 356; x_wconf 87' lang='lat' dir='ltr'>deditionem</span> <span class='ocrx_word' id='word_1_430' title='bbox 1208 329 1254 356; x_wconf 92' lang='lat' dir='ltr'>so-</span> 
     </span>
     <span class='ocr_line' id='line_1_83' title="bbox 677 357 1255 393; baseline 0.009 -11"><span class='ocrx_word' id='word_1_431' title='bbox 677 357 867 390; x_wconf 87' lang='lat' dir='ltr'>cietatemque</span> <span class='ocrx_word' id='word_1_432' title='bbox 886 361 1002 393; x_wconf 88' lang='lat' dir='ltr'>accepti.</span> <span class='ocrx_word' id='word_1_433' title='bbox 1037 361 1083 386; x_wconf 85' lang='lat' dir='ltr'>Ex</span> <span class='ocrx_word' id='word_1_434' title='bbox 1109 361 1255 387; x_wconf 86' lang='lat' dir='ltr'>Perroebia</span> 
     </span>
     <span class='ocr_line' id='line_1_84' title="bbox 676 390 1257 424; baseline 0.007 -10"><span class='ocrx_word' id='word_1_435' title='bbox 676 390 825 422; x_wconf 81' lang='lat' dir='ltr'>Gomphos</span> <span class='ocrx_word' id='word_1_436' title='bbox 833 393 950 423; x_wconf 88' lang='lat' dir='ltr'>petendi</span> <span class='ocrx_word' id='word_1_437' title='bbox 959 393 1146 424; x_wconf 84' lang='lat' dir='ltr'>Amynander</span> <span class='ocrx_word' id='word_1_438' title='bbox 1155 393 1257 419; x_wconf 65' lang='lat' dir='ltr'>auctor</span> 
     </span>
     <span class='ocr_line' id='line_1_85' title="bbox 677 422 1253 451; baseline 0.01 -6"><span class='ocrx_word' id='word_1_439' title='bbox 677 427 739 447; x_wconf 87' lang='lat' dir='ltr'>erat</span> <span class='ocrx_word' id='word_1_440' title='bbox 756 430 762 447; x_wconf 89' lang='lat'><strong>:</strong></span> <span class='ocrx_word' id='word_1_441' title='bbox 795 422 824 449; x_wconf 75' lang='grc' dir='ltr'>δε</span> <span class='ocrx_word' id='word_1_442' title='bbox 843 422 975 450; x_wconf 82' lang='lat' dir='ltr'>imminet</span> <span class='ocrx_word' id='word_1_443' title='bbox 993 425 1166 451; x_wconf 84' lang='lat' dir='ltr'>Athamania</span> <span class='ocrx_word' id='word_1_444' title='bbox 1185 426 1253 451; x_wconf 87' lang='lat' dir='ltr'>huic</span> 
     </span>
     <span class='ocr_line' id='line_1_86' title="bbox 676 453 1252 490; baseline 0.01 -13"><span class='ocrx_word' id='word_1_445' title='bbox 676 453 741 479; x_wconf 84' lang='lat' dir='ltr'>urbi</span> <span class='ocrx_word' id='word_1_446' title='bbox 762 469 771 482; x_wconf 93' lang='lat'>‚</span> <span class='ocrx_word' id='word_1_447' title='bbox 792 455 998 487; x_wconf 86' lang='lat' dir='ltr'>videbaturque</span> <span class='ocrx_word' id='word_1_448' title='bbox 1015 458 1174 490; x_wconf 75' lang='lat' dir='ltr'>expugnari</span> <span class='ocrx_word' id='word_1_449' title='bbox 1191 456 1252 483; x_wconf 80' lang='lat' dir='ltr'>sine</span> 
     </span>
     <span class='ocr_line' id='line_1_87' title="bbox 679 488 1252 520; baseline 0.01 -11"><span class='ocrx_word' id='word_1_450' title='bbox 679 491 783 518; x_wconf 84' lang='lat' dir='ltr'>magno</span> <span class='ocrx_word' id='word_1_451' title='bbox 801 488 956 513; x_wconf 88' lang='lat' dir='ltr'>certamine</span> <span class='ocrx_word' id='word_1_452' title='bbox 966 488 1051 520; x_wconf 78' lang='lat' dir='ltr'>pofle.</span> <span class='ocrx_word' id='word_1_453' title='bbox 1069 489 1166 515; x_wconf 75' lang='lat' dir='ltr'>AEtoli</span> <span class='ocrx_word' id='word_1_454' title='bbox 1177 496 1252 515; x_wconf 87' lang='lat' dir='ltr'>cam-</span> 
     </span>
     <span class='ocr_line' id='line_1_88' title="bbox 678 518 1252 554; baseline 0.009 -13"><span class='ocrx_word' id='word_1_455' title='bbox 678 523 728 546; x_wconf 85' lang='lat' dir='ltr'>pos</span> <span class='ocrx_word' id='word_1_456' title='bbox 747 518 894 545; x_wconf 68' lang='lat' dir='ltr'>Thessaliae</span> <span class='ocrx_word' id='word_1_457' title='bbox 902 519 1015 551; x_wconf 88' lang='lat' dir='ltr'>opimos</span> <span class='ocrx_word' id='word_1_458' title='bbox 1025 520 1060 546; x_wconf 91' lang='lat' dir='ltr'>ad</span> <span class='ocrx_word' id='word_1_459' title='bbox 1072 521 1192 551; x_wconf 80' lang='lat' dir='ltr'>praedam</span> <span class='ocrx_word' id='word_1_460' title='bbox 1204 527 1252 554; x_wconf 91' lang='lat' dir='ltr'>pe-</span> 
     </span>
     <span class='ocr_line' id='line_1_89' title="bbox 676 548 1254 584; baseline 0.009 -11"><span class='ocrx_word' id='word_1_461' title='bbox 676 548 748 573; x_wconf 89' lang='lat' dir='ltr'>tiere</span> <span class='ocrx_word' id='word_1_462' title='bbox 761 556 768 579; x_wconf 80' lang='lat'>3</span> <span class='ocrx_word' id='word_1_463' title='bbox 785 549 931 582; x_wconf 82' lang='lat' dir='ltr'>sequente,</span> <span class='ocrx_word' id='word_1_464' title='bbox 940 558 1102 584; x_wconf 90' lang='lat' dir='ltr'>quanquam</span> <span class='ocrx_word' id='word_1_465' title='bbox 1113 559 1170 578; x_wconf 89' lang='lat' dir='ltr'>non</span> <span class='ocrx_word' id='word_1_466' title='bbox 1185 560 1254 584; x_wconf 80' lang='lat' dir='ltr'>pro·</span> 
     </span>
     <span class='ocr_line' id='line_1_90' title="bbox 677 579 1255 617; baseline 0.014 -13"><span class='ocrx_word' id='word_1_467' title='bbox 677 579 779 610; x_wconf 84' lang='lat' dir='ltr'>hante,</span> <span class='ocrx_word' id='word_1_468' title='bbox 799 583 1004 613; x_wconf 86' lang='lat' dir='ltr'>Amynandro,</span> <span class='ocrx_word' id='word_1_469' title='bbox 1022 591 1074 610; x_wconf 90' lang='lat' dir='ltr'>nec</span> <span class='ocrx_word' id='word_1_470' title='bbox 1091 583 1191 611; x_wconf 78' lang='lat' dir='ltr'>effusas</span> <span class='ocrx_word' id='word_1_471' title='bbox 1203 592 1255 617; x_wconf 83' lang='lat' dir='ltr'>po-</span> 
     </span>
     <span class='ocr_line' id='line_1_91' title="bbox 678 612 1250 645; baseline 0.012 -8"><span class='ocrx_word' id='word_1_472' title='bbox 678 612 841 642; x_wconf 84' lang='lat' dir='ltr'>pulationes</span> <span class='ocrx_word' id='word_1_473' title='bbox 858 614 1026 642; x_wconf 86' lang='lat' dir='ltr'>AEtolorum</span> <span class='ocrx_word' id='word_1_474' title='bbox 1044 632 1053 644; x_wconf 91' lang='lat'>,</span> <span class='ocrx_word' id='word_1_475' title='bbox 1080 623 1132 642; x_wconf 90' lang='lat' dir='ltr'>nec</span> <span class='ocrx_word' id='word_1_476' title='bbox 1150 616 1250 645; x_wconf 74' lang='lat' dir='ltr'>castra,</span> 
     </span>
     <span class='ocr_line' id='line_1_92' title="bbox 672 644 1255 676; baseline 0.014 -8"><span class='ocrx_word' id='word_1_477' title='bbox 672 649 732 675; x_wconf 89' lang='lat' dir='ltr'>quo</span> <span class='ocrx_word' id='word_1_478' title='bbox 752 644 813 670; x_wconf 88' lang='lat' dir='ltr'>fors</span> <span class='ocrx_word' id='word_1_479' title='bbox 834 646 1033 674; x_wconf 76' lang='lat' dir='ltr'>tuliffetloco,</span> <span class='ocrx_word' id='word_1_480' title='bbox 1050 648 1111 674; x_wconf 82' lang='lat' dir='ltr'>fine</span> <span class='ocrx_word' id='word_1_481' title='bbox 1120 649 1184 675; x_wconf 90' lang='lat' dir='ltr'>ullo</span> <span class='ocrx_word' id='word_1_482' title='bbox 1194 650 1255 676; x_wconf 82' lang='lat' dir='ltr'>dis·</span> 
     </span>
     <span class='ocr_line' id='line_1_93' title="bbox 671 674 1252 712; baseline 0.015 -13"><span class='ocrx_word' id='word_1_483' title='bbox 671 674 792 701; x_wconf 87' lang='lat' dir='ltr'>crimine</span> <span class='ocrx_word' id='word_1_484' title='bbox 804 684 834 703; x_wconf 90' lang='lat' dir='ltr'>ac</span> <span class='ocrx_word' id='word_1_485' title='bbox 845 684 912 705; x_wconf 89' lang='lat' dir='ltr'>cura</span> <span class='ocrx_word' id='word_1_486' title='bbox 921 679 1072 705; x_wconf 89' lang='lat' dir='ltr'>muniendi</span> <span class='ocrx_word' id='word_1_487' title='bbox 1081 681 1182 712; x_wconf 78' lang='lat' dir='ltr'>posita.</span> <span class='ocrx_word' id='word_1_488' title='bbox 1199 682 1252 707; x_wconf 90' lang='lat' dir='ltr'>ita—</span> 
     </span>
     <span class='ocr_line' id='line_1_94' title="bbox 676 711 1251 745; baseline 0.01 -12"><span class='ocrx_word' id='word_1_489' title='bbox 676 713 731 738; x_wconf 91' lang='lat' dir='ltr'>que</span> <span class='ocrx_word' id='word_1_490' title='bbox 751 714 786 734; x_wconf 91' lang='lat' dir='ltr'>ne</span> <span class='ocrx_word' id='word_1_491' title='bbox 804 711 949 737; x_wconf 82' lang='lat' dir='ltr'>temeritas</span> <span class='ocrx_word' id='word_1_492' title='bbox 966 717 1084 739; x_wconf 78' lang='lat' dir='ltr'>eorum,</span> <span class='ocrx_word' id='word_1_493' title='bbox 1102 713 1251 745; x_wconf 80' lang='lat' dir='ltr'>negligen-</span> 
     </span>
     <span class='ocr_line' id='line_1_95' title="bbox 674 740 1252 777; baseline 0.01 -13"><span class='ocrx_word' id='word_1_494' title='bbox 674 740 790 775; x_wconf 75' lang='lat' dir='ltr'>tiaque,</span> <span class='ocrx_word' id='word_1_495' title='bbox 806 740 859 777; x_wconf 77' lang='lat' dir='ltr'>fibi</span> <span class='ocrx_word' id='word_1_496' title='bbox 878 748 910 767; x_wconf 92' lang='lat' dir='ltr'>ac</span> <span class='ocrx_word' id='word_1_497' title='bbox 926 740 987 769; x_wconf 86' lang='lat' dir='ltr'>suis</span> <span class='ocrx_word' id='word_1_498' title='bbox 1003 743 1088 769; x_wconf 87' lang='lat' dir='ltr'>etiam</span> <span class='ocrx_word' id='word_1_499' title='bbox 1098 744 1186 771; x_wconf 82' lang='lat' dir='ltr'>cladis</span> <span class='ocrx_word' id='word_1_500' title='bbox 1198 745 1252 770; x_wconf 83' lang='lat' dir='ltr'>ali-</span> 
     </span>
     <span class='ocr_line' id='line_1_96' title="bbox 675 773 1250 808; baseline 0.01 -12"><span class='ocrx_word' id='word_1_501' title='bbox 675 778 759 802; x_wconf 82' lang='lat' dir='ltr'>quus</span> <span class='ocrx_word' id='word_1_502' title='bbox 777 773 865 799; x_wconf 81' lang='lat' dir='ltr'>caufla</span> <span class='ocrx_word' id='word_1_503' title='bbox 881 774 964 800; x_wconf 83' lang='lat' dir='ltr'>efl&#39;et:</span> <span class='ocrx_word' id='word_1_504' title='bbox 986 781 1076 805; x_wconf 81' lang='lat' dir='ltr'>quum</span> <span class='ocrx_word' id='word_1_505' title='bbox 1088 776 1250 808; x_wconf 78' lang='lat' dir='ltr'>campestri·</span> 
     </span>
     <span class='ocr_line' id='line_1_97' title="bbox 677 803 1249 835; baseline 0.012 -8"><span class='ocrx_word' id='word_1_506' title='bbox 677 803 728 829; x_wconf 85' lang='lat' dir='ltr'>bus</span> <span class='ocrx_word' id='word_1_507' title='bbox 745 804 817 830; x_wconf 87' lang='lat' dir='ltr'>locis</span> <span class='ocrx_word' id='word_1_508' title='bbox 827 804 1011 835; x_wconf 85' lang='lat' dir='ltr'>subjicientes</span> <span class='ocrx_word' id='word_1_509' title='bbox 1022 812 1069 832; x_wconf 86' lang='lat' dir='ltr'>eos</span> <span class='ocrx_word' id='word_1_510' title='bbox 1080 807 1166 834; x_wconf 90' lang='lat' dir='ltr'>castra</span> <span class='ocrx_word' id='word_1_511' title='bbox 1177 809 1249 834; x_wconf 82' lang='lat' dir='ltr'>Phe-</span> 
     </span>
    </p>
   </div>
   <div class='ocr_carea' id='block_1_10' title="bbox 667 899 1268 2327">
    <p class='ocr_par' dir='ltr' id='par_1_14' title="bbox 667 899 1258 1783">
     <span class='ocr_line' id='line_1_98' title="bbox 674 899 1250 932; baseline 0.01 -8"><span class='ocrx_word' id='word_1_512' title='bbox 674 899 731 924; x_wconf 83' lang='lat' dir='ltr'>lum</span> <span class='ocrx_word' id='word_1_513' title='bbox 748 900 807 926; x_wconf 85' lang='lat' dir='ltr'>suis</span> <span class='ocrx_word' id='word_1_514' title='bbox 824 916 832 928; x_wconf 81' lang='lat'>‚</span> <span class='ocrx_word' id='word_1_515' title='bbox 849 903 976 932; x_wconf 81' lang='lat' dir='ltr'>quamvis</span> <span class='ocrx_word' id='word_1_516' title='bbox 994 901 1047 927; x_wconf 84' lang='lat' dir='ltr'>levi</span> <span class='ocrx_word' id='word_1_517' title='bbox 1068 903 1250 930; x_wconf 83' lang='lat' dir='ltr'>munimento</span> 
     </span>
     <span class='ocr_line' id='line_1_99' title="bbox 667 932 1256 967; baseline 0.014 -12"><span class='ocrx_word' id='word_1_518' title='bbox 667 935 775 959; x_wconf 79' lang='lat' dir='ltr'>rutum,</span> <span class='ocrx_word' id='word_1_519' title='bbox 786 932 871 962; x_wconf 90' lang='lat' dir='ltr'>cepit.</span> <span class='ocrx_word' id='word_1_520' title='bbox 890 940 978 965; x_wconf 89' lang='lat' dir='ltr'>quum</span> <span class='ocrx_word' id='word_1_521' title='bbox 988 933 1096 961; x_wconf 81' lang='lat' dir='ltr'>AEtoii,</span> <span class='ocrx_word' id='word_1_522' title='bbox 1106 935 1160 961; x_wconf 79' lang='lat' dir='ltr'>nisi</span> <span class='ocrx_word' id='word_1_523' title='bbox 1172 937 1256 967; x_wconf 80' lang='lat' dir='ltr'>quod.</span> 
     </span>
     <span class='ocr_line' id='line_1_100' title="bbox 668 962 1252 994; baseline 0.012 -8"><span class='ocrx_word' id='word_1_524' title='bbox 668 962 889 994; x_wconf 67' lang='lat' dir='ltr'>populabantur,</span> <span class='ocrx_word' id='word_1_525' title='bbox 900 965 948 990; x_wconf 87' lang='lat' dir='ltr'>vix</span> <span class='ocrx_word' id='word_1_526' title='bbox 958 964 1110 992; x_wconf 73' lang='lat' dir='ltr'>meminisse</span> <span class='ocrx_word' id='word_1_527' title='bbox 1120 968 1252 993; x_wconf 81' lang='lat' dir='ltr'>videren-</span> 
     </span>
     <span class='ocr_line' id='line_1_101' title="bbox 676 993 1249 1031; baseline 0.014 -13"><span class='ocrx_word' id='word_1_528' title='bbox 676 999 724 1019; x_wconf 87' lang='lat' dir='ltr'>tur</span> <span class='ocrx_word' id='word_1_529' title='bbox 734 993 760 1020; x_wconf 63' lang='grc' dir='ltr'>ἢ</span> <span class='ocrx_word' id='word_1_530' title='bbox 770 996 801 1020; x_wconf 88' lang='lat' dir='ltr'>in</span> <span class='ocrx_word' id='word_1_531' title='bbox 811 994 936 1022; x_wconf 85' lang='lat' dir='ltr'>hostium</span> <span class='ocrx_word' id='word_1_532' title='bbox 947 1003 1016 1027; x_wconf 69' lang='lat' dir='ltr'>agro</span> <span class='ocrx_word' id='word_1_533' title='bbox 1026 997 1086 1023; x_wconf 80' lang='lat' dir='ltr'>effe:</span> <span class='ocrx_word' id='word_1_534' title='bbox 1100 999 1150 1024; x_wconf 89' lang='lat' dir='ltr'>alii</span> <span class='ocrx_word' id='word_1_535' title='bbox 1161 999 1249 1031; x_wconf 78' lang='lat' dir='ltr'>palati</span> 
     </span>
     <span class='ocr_line' id='line_1_102' title="bbox 674 1024 1250 1060; baseline 0.014 -10"><span class='ocrx_word' id='word_1_536' title='bbox 674 1024 831 1052; x_wconf 78' lang='lat' dir='ltr'>semiermes</span> <span class='ocrx_word' id='word_1_537' title='bbox 843 1033 1013 1060; x_wconf 83' lang='lat' dir='ltr'>vagarentur</span> <span class='ocrx_word' id='word_1_538' title='bbox 1023 1046 1030 1058; x_wconf 89' lang='lat'>‚</span> <span class='ocrx_word' id='word_1_539' title='bbox 1050 1029 1100 1055; x_wconf 88' lang='lat' dir='ltr'>alii</span> <span class='ocrx_word' id='word_1_540' title='bbox 1111 1032 1141 1057; x_wconf 89' lang='lat' dir='ltr'>in</span> <span class='ocrx_word' id='word_1_541' title='bbox 1152 1031 1250 1058; x_wconf 76' lang='lat' dir='ltr'>castris</span> 
     </span>
     <span class='ocr_line' id='line_1_103' title="bbox 674 1057 1251 1093; baseline 0.012 -11"><span class='ocrx_word' id='word_1_542' title='bbox 674 1057 732 1082; x_wconf 81' lang='lat' dir='ltr'>fine</span> <span class='ocrx_word' id='word_1_543' title='bbox 753 1058 920 1086; x_wconf 77' lang='lat' dir='ltr'>stationibus</span> <span class='ocrx_word' id='word_1_544' title='bbox 931 1067 981 1093; x_wconf 89' lang='lat' dir='ltr'>per</span> <span class='ocrx_word' id='word_1_545' title='bbox 991 1060 1121 1087; x_wconf 83' lang='lat' dir='ltr'>somnum</span> <span class='ocrx_word' id='word_1_546' title='bbox 1135 1063 1251 1089; x_wconf 79' lang='lat' dir='ltr'>vinum--</span> 
     </span>
     <span class='ocr_line' id='line_1_104' title="bbox 669 1090 1251 1127; baseline 0.01 -12"><span class='ocrx_word' id='word_1_547' title='bbox 669 1096 725 1121; x_wconf 88' lang='lat' dir='ltr'>que</span> <span class='ocrx_word' id='word_1_548' title='bbox 733 1090 794 1116; x_wconf 86' lang='lat' dir='ltr'>dies</span> <span class='ocrx_word' id='word_1_549' title='bbox 804 1091 935 1117; x_wconf 62' lang='lat' dir='ltr'>nostibus</span> <span class='ocrx_word' id='word_1_550' title='bbox 945 1094 1251 1127; x_wconf 78' lang='lat' dir='ltr'>aequarent‚1‘hilippus</span> 
     </span>
     <span class='ocr_line' id='line_1_105' title="bbox 675 1122 1247 1158; baseline 0.01 -12"><span class='ocrx_word' id='word_1_551' title='bbox 675 1122 895 1151; x_wconf 64' lang='lat' dir='ltr'>inopinantibus</span> <span class='ocrx_word' id='word_1_552' title='bbox 914 1124 1036 1150; x_wconf 65' lang='lat' dir='ltr'>advenit.</span> <span class='ocrx_word' id='word_1_553' title='bbox 1056 1132 1141 1157; x_wconf 87' lang='lat' dir='ltr'>quem</span> <span class='ocrx_word' id='word_1_554' title='bbox 1158 1132 1247 1158; x_wconf 85' lang='lat' dir='ltr'>quum</span> 
     </span>
     <span class='ocr_line' id='line_1_106' title="bbox 672 1152 1248 1188; baseline 0.01 -10"><span class='ocrx_word' id='word_1_555' title='bbox 672 1153 759 1179; x_wconf 66' lang='lat' dir='ltr'>adeffie</span> <span class='ocrx_word' id='word_1_556' title='bbox 788 1152 964 1187; x_wconf 73' lang='lat' dir='ltr'>refugientes</span> <span class='ocrx_word' id='word_1_557' title='bbox 982 1162 1016 1181; x_wconf 85' lang='lat' dir='ltr'>ex</span> <span class='ocrx_word' id='word_1_558' title='bbox 1036 1158 1111 1188; x_wconf 69' lang='lat' dir='ltr'>agris</span> <span class='ocrx_word' id='word_1_559' title='bbox 1128 1158 1248 1187; x_wconf 76' lang='lat' dir='ltr'>quidam</span> 
     </span>
     <span class='ocr_line' id='line_1_107' title="bbox 674 1185 1248 1221; baseline 0.01 -11"><span class='ocrx_word' id='word_1_560' title='bbox 674 1185 767 1214; x_wconf 88' lang='lat' dir='ltr'>pavidi</span> <span class='ocrx_word' id='word_1_561' title='bbox 780 1187 973 1213; x_wconf 75' lang='lat' dir='ltr'>nunciassent.</span> <span class='ocrx_word' id='word_1_562' title='bbox 988 1189 1130 1221; x_wconf 83' lang='lat' dir='ltr'>trepidare</span> <span class='ocrx_word' id='word_1_563' title='bbox 1139 1190 1248 1215; x_wconf 79' lang='lat' dir='ltr'>Damo-</span> 
     </span>
     <span class='ocr_line' id='line_1_108' title="bbox 673 1217 1250 1250; baseline 0.012 -8"><span class='ocrx_word' id='word_1_564' title='bbox 673 1217 773 1245; x_wconf 74' lang='lat' dir='ltr'>critus‚</span> <span class='ocrx_word' id='word_1_565' title='bbox 784 1220 937 1250; x_wconf 76' lang='lat' dir='ltr'>caeterique</span> <span class='ocrx_word' id='word_1_566' title='bbox 946 1220 1049 1246; x_wconf 86' lang='lat' dir='ltr'>duces:</span> <span class='ocrx_word' id='word_1_567' title='bbox 1062 1221 1090 1247; x_wconf 81' lang='lat' dir='ltr'>Sc</span> <span class='ocrx_word' id='word_1_568' title='bbox 1101 1227 1162 1247; x_wconf 86' lang='lat' dir='ltr'>erat</span> <span class='ocrx_word' id='word_1_569' title='bbox 1172 1221 1250 1248; x_wconf 80' lang='lat' dir='ltr'>forte</span> 
     </span>
     <span class='ocr_line' id='line_1_109' title="bbox 673 1249 1252 1285; baseline 0.012 -13"><span class='ocrx_word' id='word_1_570' title='bbox 673 1249 861 1275; x_wconf 84' lang='lat' dir='ltr'>meridianum</span> <span class='ocrx_word' id='word_1_571' title='bbox 881 1256 990 1280; x_wconf 83' lang='lat' dir='ltr'>tempus</span> <span class='ocrx_word' id='word_1_572' title='bbox 1006 1267 1014 1279; x_wconf 86' lang='lat'>‚</span> <span class='ocrx_word' id='word_1_573' title='bbox 1040 1258 1100 1284; x_wconf 90' lang='lat' dir='ltr'>quo</span> <span class='ocrx_word' id='word_1_574' title='bbox 1138 1253 1252 1285; x_wconf 79' lang='lat' dir='ltr'>letique</span> 
     </span>
     <span class='ocr_line' id='line_1_110' title="bbox 670 1261 1252 1314; baseline 0.014 -11"><span class='ocrx_word' id='word_1_575' title='bbox 670 1285 767 1311; x_wconf 79' lang='lat' dir='ltr'>graves</span> <span class='ocrx_word' id='word_1_576' title='bbox 788 1281 851 1307; x_wconf 89' lang='lat' dir='ltr'>cibo</span> <span class='ocrx_word' id='word_1_577' title='bbox 859 1280 1095 1314; x_wconf 84' lang='lat' dir='ltr'>sopitijacebant.</span> <span class='ocrx_word' id='word_1_578' title='bbox 1115 1261 1252 1311; x_wconf 59' lang='lat' dir='ltr'>Excitare</span> 
     </span>
     <span class='ocr_line' id='line_1_111' title="bbox 674 1312 1248 1349; baseline 0.009 -12"><span class='ocrx_word' id='word_1_579' title='bbox 674 1312 765 1342; x_wconf 76' lang='lat' dir='ltr'>igitur</span> <span class='ocrx_word' id='word_1_580' title='bbox 775 1314 825 1339; x_wconf 84' lang='lat' dir='ltr'>alii</span> <span class='ocrx_word' id='word_1_581' title='bbox 834 1313 903 1339; x_wconf 81' lang='lat' dir='ltr'>alias</span> <span class='ocrx_word' id='word_1_582' title='bbox 914 1330 921 1342; x_wconf 89' lang='lat'>,</span> <span class='ocrx_word' id='word_1_583' title='bbox 942 1315 1039 1345; x_wconf 85' lang='lat' dir='ltr'>jubere</span> <span class='ocrx_word' id='word_1_584' title='bbox 1051 1322 1127 1341; x_wconf 87' lang='lat' dir='ltr'>arma</span> <span class='ocrx_word' id='word_1_585' title='bbox 1139 1323 1248 1349; x_wconf 75' lang='lat' dir='ltr'>capere.</span> 
     </span>
     <span class='ocr_line' id='line_1_112' title="bbox 674 1343 1249 1380; baseline 0.012 -12"><span class='ocrx_word' id='word_1_586' title='bbox 674 1343 746 1369; x_wconf 84' lang='lat' dir='ltr'>alios</span> <span class='ocrx_word' id='word_1_587' title='bbox 764 1345 912 1371; x_wconf 85' lang='lat' dir='ltr'>dimittere</span> <span class='ocrx_word' id='word_1_588' title='bbox 928 1346 962 1372; x_wconf 89' lang='lat' dir='ltr'>ad</span> <span class='ocrx_word' id='word_1_589' title='bbox 984 1348 1177 1376; x_wconf 70' lang='lat' dir='ltr'>revocandos,</span> <span class='ocrx_word' id='word_1_590' title='bbox 1196 1349 1249 1380; x_wconf 85' lang='lat' dir='ltr'>qui</span> 
     </span>
     <span class='ocr_line' id='line_1_113' title="bbox 673 1376 1254 1408; baseline 0.01 -8"><span class='ocrx_word' id='word_1_591' title='bbox 673 1376 759 1406; x_wconf 87' lang='lat' dir='ltr'>palati</span> <span class='ocrx_word' id='word_1_592' title='bbox 781 1383 831 1408; x_wconf 86' lang='lat' dir='ltr'>per</span> <span class='ocrx_word' id='word_1_593' title='bbox 840 1382 921 1408; x_wconf 74' lang='lat' dir='ltr'>agros</span> <span class='ocrx_word' id='word_1_594' title='bbox 949 1379 1138 1406; x_wconf 75' lang='lat' dir='ltr'>raedabantur.</span> <span class='ocrx_word' id='word_1_595' title='bbox 1157 1385 1254 1406; x_wconf 86' lang='lat' dir='ltr'>tanta·</span> 
     </span>
     <span class='ocr_line' id='line_1_114' title="bbox 673 1408 1254 1441; baseline 0.007 -8"><span class='ocrx_word' id='word_1_596' title='bbox 673 1414 728 1439; x_wconf 92' lang='lat' dir='ltr'>que</span> <span class='ocrx_word' id='word_1_597' title='bbox 747 1408 902 1439; x_wconf 77' lang='lat' dir='ltr'>trepidatio</span> <span class='ocrx_word' id='word_1_598' title='bbox 938 1410 999 1437; x_wconf 77' lang='lat' dir='ltr'>uit,</span> <span class='ocrx_word' id='word_1_599' title='bbox 1016 1416 1049 1437; x_wconf 90' lang='lat' dir='ltr'>ut</span> <span class='ocrx_word' id='word_1_600' title='bbox 1068 1410 1128 1436; x_wconf 79' lang='lat' dir='ltr'>line</span> <span class='ocrx_word' id='word_1_601' title='bbox 1149 1412 1254 1441; x_wconf 56' lang='lat' dir='ltr'>gladiis</span> 
     </span>
     <span class='ocr_line' id='line_1_115' title="bbox 675 1439 1248 1474; baseline 0.009 -10"><span class='ocrx_word' id='word_1_602' title='bbox 675 1439 791 1469; x_wconf 86' lang='lat' dir='ltr'>quidam</span> <span class='ocrx_word' id='word_1_603' title='bbox 802 1442 933 1471; x_wconf 86' lang='lat' dir='ltr'>equitum</span> <span class='ocrx_word' id='word_1_604' title='bbox 943 1442 1065 1471; x_wconf 74' lang='lat' dir='ltr'>exirent,</span> <span class='ocrx_word' id='word_1_605' title='bbox 1078 1443 1178 1469; x_wconf 83' lang='lat' dir='ltr'>loricas</span> <span class='ocrx_word' id='word_1_606' title='bbox 1190 1443 1248 1474; x_wconf 88' lang='lat' dir='ltr'>ple-</span> 
     </span>
     <span class='ocr_line' id='line_1_116' title="bbox 672 1472 1253 1507; baseline 0.009 -11"><span class='ocrx_word' id='word_1_607' title='bbox 672 1472 753 1502; x_wconf 90' lang='lat' dir='ltr'>rique</span> <span class='ocrx_word' id='word_1_608' title='bbox 764 1478 823 1497; x_wconf 85' lang='lat' dir='ltr'>non</span> <span class='ocrx_word' id='word_1_609' title='bbox 835 1472 998 1499; x_wconf 81' lang='lat' dir='ltr'>induerent.</span> <span class='ocrx_word' id='word_1_610' title='bbox 1011 1475 1056 1499; x_wconf 83' lang='lat' dir='ltr'>Ita</span> <span class='ocrx_word' id='word_1_611' title='bbox 1066 1475 1170 1507; x_wconf 84' lang='lat' dir='ltr'>raptim</span> <span class='ocrx_word' id='word_1_612' title='bbox 1180 1475 1253 1501; x_wconf 74' lang='lat' dir='ltr'>edu-</span> 
     </span>
     <span class='ocr_line' id='line_1_117' title="bbox 673 1503 1251 1538; baseline 0.007 -10"><span class='ocrx_word' id='word_1_613' title='bbox 673 1503 720 1529; x_wconf 70' lang='lat' dir='ltr'>c&#39;ti.</span> <span class='ocrx_word' id='word_1_614' title='bbox 734 1509 822 1533; x_wconf 82' lang='lat' dir='ltr'>quum</span> <span class='ocrx_word' id='word_1_615' title='bbox 834 1505 960 1530; x_wconf 79' lang='lat' dir='ltr'>universi</span> <span class='ocrx_word' id='word_1_616' title='bbox 970 1504 1167 1532; x_wconf 75' lang='lat' dir='ltr'>sexcentorum</span> <span class='ocrx_word' id='word_1_617' title='bbox 1178 1512 1251 1538; x_wconf 71' lang='lat' dir='ltr'>:egre</span> 
     </span>
     <span class='ocr_line' id='line_1_118' title="bbox 676 1535 1251 1569; baseline 0.009 -10"><span class='ocrx_word' id='word_1_618' title='bbox 676 1535 757 1561; x_wconf 84' lang='lat' dir='ltr'>limul</span> <span class='ocrx_word' id='word_1_619' title='bbox 783 1536 894 1567; x_wconf 86' lang='lat' dir='ltr'>equites</span> <span class='ocrx_word' id='word_1_620' title='bbox 914 1536 1077 1569; x_wconf 78' lang='lat' dir='ltr'>peditesque</span> <span class='ocrx_word' id='word_1_621' title='bbox 1096 1544 1251 1564; x_wconf 85' lang='lat' dir='ltr'>numerum</span> 
     </span>
     <span class='ocr_line' id='line_1_119' title="bbox 675 1566 1258 1601; baseline 0.012 -11"><span class='ocrx_word' id='word_1_622' title='bbox 675 1566 830 1598; x_wconf 67' lang='lat' dir='ltr'>explessent</span> <span class='ocrx_word' id='word_1_623' title='bbox 840 1584 847 1595; x_wconf 83' lang='lat'>‚</span> <span class='ocrx_word' id='word_1_624' title='bbox 866 1567 999 1594; x_wconf 85' lang='lat' dir='ltr'>incidunt</span> <span class='ocrx_word' id='word_1_625' title='bbox 1012 1570 1041 1594; x_wconf 92' lang='lat' dir='ltr'>in</span> <span class='ocrx_word' id='word_1_626' title='bbox 1052 1569 1161 1600; x_wconf 60' lang='lat' dir='ltr'>regium</span> <span class='ocrx_word' id='word_1_627' title='bbox 1171 1570 1258 1601; x_wconf 64' lang='lat' dir='ltr'>equi-=</span> 
     </span>
     <span class='ocr_line' id='line_1_120' title="bbox 674 1600 1252 1633; baseline 0.005 -9"><span class='ocrx_word' id='word_1_628' title='bbox 674 1603 777 1626; x_wconf 84' lang='lat' dir='ltr'>tatum,</span> <span class='ocrx_word' id='word_1_629' title='bbox 789 1600 1024 1626; x_wconf 80' lang='lat' dir='ltr'>numero‚animis</span> <span class='ocrx_word' id='word_1_630' title='bbox 1030 1601 1171 1633; x_wconf 82' lang='lat' dir='ltr'>armisque</span> <span class='ocrx_word' id='word_1_631' title='bbox 1183 1609 1252 1631; x_wconf 73' lang='lat' dir='ltr'>prae-</span> 
     </span>
     <span class='ocr_line' id='line_1_121' title="bbox 676 1630 1248 1664; baseline 0.009 -8"><span class='ocrx_word' id='word_1_632' title='bbox 676 1630 805 1656; x_wconf 81' lang='lat' dir='ltr'>stantem.</span> <span class='ocrx_word' id='word_1_633' title='bbox 824 1631 926 1662; x_wconf 84' lang='lat' dir='ltr'>Itaque</span> <span class='ocrx_word' id='word_1_634' title='bbox 945 1632 1038 1664; x_wconf 89' lang='lat' dir='ltr'>primo</span> <span class='ocrx_word' id='word_1_635' title='bbox 1055 1633 1160 1663; x_wconf 81' lang='lat' dir='ltr'>impetu</span> <span class='ocrx_word' id='word_1_636' title='bbox 1180 1634 1248 1661; x_wconf 69' lang='lat' dir='ltr'>full,</span> 
     </span>
     <span class='ocr_line' id='line_1_122' title="bbox 677 1661 1251 1702; baseline 0.009 -16"><span class='ocrx_word' id='word_1_637' title='bbox 677 1661 724 1687; x_wconf 79' lang='lat' dir='ltr'>vix</span> <span class='ocrx_word' id='word_1_638' title='bbox 735 1667 846 1688; x_wconf 87' lang='lat' dir='ltr'>tentato</span> <span class='ocrx_word' id='word_1_639' title='bbox 856 1663 1009 1689; x_wconf 84' lang='lat' dir='ltr'>certamine</span> <span class='ocrx_word' id='word_1_640' title='bbox 1019 1681 1026 1692; x_wconf 92' lang='lat'>,</span> <span class='ocrx_word' id='word_1_641' title='bbox 1038 1665 1114 1695; x_wconf 81' lang='lat' dir='ltr'>turpi</span> <span class='ocrx_word' id='word_1_642' title='bbox 1126 1665 1195 1702; x_wconf 77' lang='lat' dir='ltr'>fuga</span> <span class='ocrx_word' id='word_1_643' title='bbox 1206 1671 1251 1690; x_wconf 84' lang='lat' dir='ltr'>re-</span> 
     </span>
     <span class='ocr_line' id='line_1_123' title="bbox 675 1693 1252 1728; baseline 0.009 -10"><span class='ocrx_word' id='word_1_644' title='bbox 675 1699 777 1725; x_wconf 88' lang='lat' dir='ltr'>petunt</span> <span class='ocrx_word' id='word_1_645' title='bbox 787 1693 882 1720; x_wconf 81' lang='lat' dir='ltr'>castra.</span> <span class='ocrx_word' id='word_1_646' title='bbox 900 1694 969 1723; x_wconf 70' lang='lat' dir='ltr'>caeli,</span> <span class='ocrx_word' id='word_1_647' title='bbox 981 1696 1113 1728; x_wconf 80' lang='lat' dir='ltr'>captique</span> <span class='ocrx_word' id='word_1_648' title='bbox 1124 1698 1252 1728; x_wconf 77' lang='lat' dir='ltr'>quidam,</span> 
     </span>
     <span class='ocr_line' id='line_1_124' title="bbox 676 1726 1250 1761; baseline 0.009 -11"><span class='ocrx_word' id='word_1_649' title='bbox 676 1732 749 1758; x_wconf 86' lang='lat' dir='ltr'>quos</span> <span class='ocrx_word' id='word_1_650' title='bbox 768 1726 879 1757; x_wconf 80' lang='lat' dir='ltr'>equi-es</span> <span class='ocrx_word' id='word_1_651' title='bbox 897 1726 932 1752; x_wconf 90' lang='lat' dir='ltr'>ab</span> <span class='ocrx_word' id='word_1_652' title='bbox 949 1729 1061 1759; x_wconf 79' lang='lat' dir='ltr'>agmine</span> <span class='ocrx_word' id='word_1_653' title='bbox 1074 1727 1250 1761; x_wconf 85' lang='lat' dir='ltr'>fugientium</span> 
     </span>
     <span class='ocr_line' id='line_1_125' title="bbox 674 1757 870 1783; baseline 0 -1"><span class='ocrx_word' id='word_1_654' title='bbox 674 1757 870 1783; x_wconf 73' lang='lat' dir='ltr'>interclusere.</span> 
     </span>
    </p>

    <p class='ocr_par' dir='ltr' id='par_1_15' title="bbox 672 1790 1268 2327">
     <span class='ocr_line' id='line_1_126' title="bbox 709 1790 1250 1823; baseline 0.009 -10"><span class='ocrx_word' id='word_1_655' title='bbox 709 1790 779 1821; x_wconf 75' lang='lat' dir='ltr'>Cap.</span> <span class='ocrx_word' id='word_1_656' title='bbox 798 1790 822 1813; x_wconf 80' lang='lat' dir='ltr'>x</span> <span class='ocrx_word' id='word_1_657' title='bbox 835 1790 883 1815; x_wconf 91' lang='lat' dir='ltr'>LI</span> <span class='ocrx_word' id='word_1_658' title='bbox 895 1791 920 1815; x_wconf 89' lang='grc' dir='ltr'>Ι.</span> <span class='ocrx_word' id='word_1_659' title='bbox 949 1790 1100 1822; x_wconf 76' lang='lat' dir='ltr'>Philippus</span> <span class='ocrx_word' id='word_1_660' title='bbox 1115 1791 1173 1819; x_wconf 89' lang='lat' dir='ltr'>suis</span> <span class='ocrx_word' id='word_1_661' title='bbox 1191 1794 1250 1823; x_wconf 73' lang='lat' dir='ltr'>jam</span> 
     </span>
     <span class='ocr_line' id='line_1_127' title="bbox 672 1820 1264 1858; baseline 0.01 -13"><span class='ocrx_word' id='word_1_662' title='bbox 672 1820 749 1846; x_wconf 90' lang='lat' dir='ltr'>vallo</span> <span class='ocrx_word' id='word_1_663' title='bbox 770 1822 1067 1854; x_wconf 77' lang='lat' dir='ltr'>appropinquantibus</span> <span class='ocrx_word' id='word_1_664' title='bbox 1075 1826 1200 1858; x_wconf 83' lang='lat' dir='ltr'>receptui</span> <span class='ocrx_word' id='word_1_665' title='bbox 1212 1831 1264 1851; x_wconf 81' lang='lat' dir='ltr'>ca·-</span> 
     </span>
     <span class='ocr_line' id='line_1_128' title="bbox 678 1851 1252 1891; baseline 0.009 -14"><span class='ocrx_word' id='word_1_666' title='bbox 678 1851 709 1878; x_wconf 87' lang='lat' dir='ltr'>ni</span> <span class='ocrx_word' id='word_1_667' title='bbox 719 1852 808 1883; x_wconf 74' lang='lat' dir='ltr'>justit.</span> <span class='ocrx_word' id='word_1_668' title='bbox 831 1853 964 1885; x_wconf 82' lang='lat' dir='ltr'>fatigatos</span> <span class='ocrx_word' id='word_1_669' title='bbox 975 1855 1051 1880; x_wconf 81' lang='lat' dir='ltr'>enim</span> <span class='ocrx_word' id='word_1_670' title='bbox 1062 1862 1150 1886; x_wconf 82' lang='lat' dir='ltr'>equos</span> <span class='ocrx_word' id='word_1_671' title='bbox 1162 1857 1252 1891; x_wconf 63' lang='lat' dir='ltr'>viros-</span> 
     </span>
     <span class='ocr_line' id='line_1_129' title="bbox 679 1886 1255 1918; baseline 0.01 -10"><span class='ocrx_word' id='word_1_672' title='bbox 679 1891 735 1915; x_wconf 86' lang='lat' dir='ltr'>que</span> <span class='ocrx_word' id='word_1_673' title='bbox 745 1891 804 1910; x_wconf 87' lang='lat' dir='ltr'>non</span> <span class='ocrx_word' id='word_1_674' title='bbox 817 1890 872 1910; x_wconf 90' lang='lat' dir='ltr'>tam</span> <span class='ocrx_word' id='word_1_675' title='bbox 882 1886 987 1916; x_wconf 82' lang='lat' dir='ltr'>proelio</span> <span class='ocrx_word' id='word_1_676' title='bbox 998 1893 1082 1918; x_wconf 83' lang='lat' dir='ltr'>quam</span> <span class='ocrx_word' id='word_1_677' title='bbox 1094 1888 1207 1914; x_wconf 85' lang='lat' dir='ltr'>itineris</span> <span class='ocrx_word' id='word_1_678' title='bbox 1218 1889 1255 1914; x_wconf 79' lang='grc' dir='ltr'>ίι-</span> 
     </span>
     <span class='ocr_line' id='line_1_130' title="bbox 680 1915 1255 1951; baseline 0.01 -11"><span class='ocrx_word' id='word_1_679' title='bbox 680 1915 740 1940; x_wconf 91' lang='lat' dir='ltr'>mul</span> <span class='ocrx_word' id='word_1_680' title='bbox 762 1915 945 1948; x_wconf 81' lang='lat' dir='ltr'>longitudine</span> <span class='ocrx_word' id='word_1_681' title='bbox 959 1934 967 1945; x_wconf 82' lang='lat'>‚</span> <span class='ocrx_word' id='word_1_682' title='bbox 984 1918 1063 1944; x_wconf 74' lang='lat' dir='ltr'>simul</span> <span class='ocrx_word' id='word_1_683' title='bbox 1074 1926 1255 1951; x_wconf 75' lang='lat' dir='ltr'>praepropera</span> 
     </span>
     <span class='ocr_line' id='line_1_131' title="bbox 679 1947 1256 1982; baseline 0.007 -10"><span class='ocrx_word' id='word_1_684' title='bbox 679 1947 826 1973; x_wconf 82' lang='lat' dir='ltr'>celeritate</span> <span class='ocrx_word' id='word_1_685' title='bbox 845 1965 853 1976; x_wconf 85' lang='lat'>,</span> <span class='ocrx_word' id='word_1_686' title='bbox 871 1949 1000 1975; x_wconf 86' lang='lat' dir='ltr'>habebat.</span> <span class='ocrx_word' id='word_1_687' title='bbox 1025 1951 1129 1982; x_wconf 85' lang='lat' dir='ltr'>Itaque</span> <span class='ocrx_word' id='word_1_688' title='bbox 1148 1957 1256 1977; x_wconf 74' lang='lat' dir='ltr'>turma—</span> 
     </span>
     <span class='ocr_line' id='line_1_132' title="bbox 680 1979 1257 2014; baseline 0.009 -10"><span class='ocrx_word' id='word_1_689' title='bbox 680 1979 732 2004; x_wconf 88' lang='lat' dir='ltr'>tim</span> <span class='ocrx_word' id='word_1_690' title='bbox 752 1980 877 2011; x_wconf 60' lang='lat' dir='ltr'>equites,</span> <span class='ocrx_word' id='word_1_691' title='bbox 896 1981 1074 2014; x_wconf 71' lang='lat' dir='ltr'>invicemque</span> <span class='ocrx_word' id='word_1_692' title='bbox 1093 1984 1257 2014; x_wconf 82' lang='lat' dir='ltr'>manipulos</span> 
     </span>
     <span class='ocr_line' id='line_1_133' title="bbox 680 2011 1256 2046; baseline 0.009 -11"><span class='ocrx_word' id='word_1_693' title='bbox 680 2011 749 2036; x_wconf 76' lang='lat' dir='ltr'>levis</span> <span class='ocrx_word' id='word_1_694' title='bbox 767 2017 915 2037; x_wconf 77' lang='lat' dir='ltr'>armaturae</span> <span class='ocrx_word' id='word_1_695' title='bbox 933 2019 1068 2044; x_wconf 80' lang='lat' dir='ltr'>aquatum</span> <span class='ocrx_word' id='word_1_696' title='bbox 1080 2013 1157 2041; x_wconf 80' lang='lat' dir='ltr'>ire&amp;</span> <span class='ocrx_word' id='word_1_697' title='bbox 1170 2020 1256 2046; x_wconf 80' lang='lat' dir='ltr'>pran-</span> 
     </span>
     <span class='ocr_line' id='line_1_134' title="bbox 682 2043 1257 2072; baseline 0.005 -4"><span class='ocrx_word' id='word_1_698' title='bbox 682 2043 749 2068; x_wconf 84' lang='lat' dir='ltr'>dere</span> <span class='ocrx_word' id='word_1_699' title='bbox 768 2044 866 2072; x_wconf 81' lang='lat' dir='ltr'>jubet.-</span> <span class='ocrx_word' id='word_1_700' title='bbox 885 2044 957 2069; x_wconf 82' lang='lat' dir='ltr'>alios</span> <span class='ocrx_word' id='word_1_701' title='bbox 977 2045 1005 2070; x_wconf 91' lang='lat' dir='ltr'>in</span> <span class='ocrx_word' id='word_1_702' title='bbox 1026 2045 1147 2071; x_wconf 83' lang='lat' dir='ltr'>statione</span> <span class='ocrx_word' id='word_1_703' title='bbox 1164 2053 1257 2071; x_wconf 83' lang='lat' dir='ltr'>arma-</span> 
     </span>
     <span class='ocr_line' id='line_1_135' title="bbox 681 2076 1258 2112; baseline 0.009 -13"><span class='ocrx_word' id='word_1_704' title='bbox 681 2078 725 2100; x_wconf 79' lang='lat' dir='ltr'>tos</span> <span class='ocrx_word' id='word_1_705' title='bbox 744 2076 852 2101; x_wconf 83' lang='lat' dir='ltr'>retinet</span> <span class='ocrx_word' id='word_1_706' title='bbox 870 2092 877 2104; x_wconf 92' lang='lat'>,</span> <span class='ocrx_word' id='word_1_707' title='bbox 894 2077 1043 2112; x_wconf 71' lang='lat' dir='ltr'>opperiens</span> <span class='ocrx_word' id='word_1_708' title='bbox 1059 2083 1156 2109; x_wconf 81' lang='lat' dir='ltr'>agmen</span> <span class='ocrx_word' id='word_1_709' title='bbox 1179 2078 1258 2108; x_wconf 78' lang='lat' dir='ltr'>pedi-</span> 
     </span>
     <span class='ocr_line' id='line_1_136' title="bbox 679 2107 1256 2141; baseline 0.007 -10"><span class='ocrx_word' id='word_1_710' title='bbox 679 2111 741 2132; x_wconf 81' lang='lat' dir='ltr'>tum</span> <span class='ocrx_word' id='word_1_711' title='bbox 764 2107 874 2133; x_wconf 71' lang='lat' dir='ltr'>tardius</span> <span class='ocrx_word' id='word_1_712' title='bbox 884 2107 1000 2133; x_wconf 71' lang='lat' dir='ltr'>ductum</span> <span class='ocrx_word' id='word_1_713' title='bbox 1012 2115 1126 2139; x_wconf 81' lang='lat' dir='ltr'>propter</span> <span class='ocrx_word' id='word_1_714' title='bbox 1134 2111 1256 2141; x_wconf 74' lang='lat' dir='ltr'>gravita-</span> 
     </span>
     <span class='ocr_line' id='line_1_137' title="bbox 681 2140 1258 2172; baseline 0.01 -9"><span class='ocrx_word' id='word_1_715' title='bbox 681 2143 738 2163; x_wconf 88' lang='lat' dir='ltr'>tem</span> <span class='ocrx_word' id='word_1_716' title='bbox 756 2144 912 2165; x_wconf 77' lang='lat' dir='ltr'>armorum.</span> <span class='ocrx_word' id='word_1_717' title='bbox 947 2140 1031 2172; x_wconf 67' lang='lat' dir='ltr'>and</span> <span class='ocrx_word' id='word_1_718' title='bbox 1052 2141 1103 2167; x_wconf 82' lang='lat' dir='ltr'>ubi</span> <span class='ocrx_word' id='word_1_719' title='bbox 1121 2142 1258 2169; x_wconf 40' lang='lat' dir='ltr'>adveni&amp;</span> 
     </span>
     <span class='ocr_line' id='line_1_138' title="bbox 684 2169 1257 2205; baseline 0.009 -11"><span class='ocrx_word' id='word_1_720' title='bbox 684 2169 713 2195; x_wconf 74' lang='lat' dir='ltr'>Sc</span> <span class='ocrx_word' id='word_1_721' title='bbox 724 2169 789 2204; x_wconf 70' lang='lat' dir='ltr'>iplis</span> <span class='ocrx_word' id='word_1_722' title='bbox 801 2171 967 2200; x_wconf 79' lang='lat' dir='ltr'>imperatum</span> <span class='ocrx_word' id='word_1_723' title='bbox 979 2188 986 2200; x_wconf 92' lang='lat'>,</span> <span class='ocrx_word' id='word_1_724' title='bbox 1005 2177 1037 2197; x_wconf 92' lang='lat' dir='ltr'>ut</span> <span class='ocrx_word' id='word_1_725' title='bbox 1048 2172 1161 2199; x_wconf 85' lang='lat' dir='ltr'>statutis</span> <span class='ocrx_word' id='word_1_726' title='bbox 1170 2173 1257 2205; x_wconf 66' lang='lat' dir='ltr'>lignis</span> 
     </span>
     <span class='ocr_line' id='line_1_139' title="bbox 682 2202 1259 2232; baseline 0.01 -7"><span class='ocrx_word' id='word_1_727' title='bbox 682 2203 824 2232; x_wconf 77' lang='lat' dir='ltr'>armilque</span> <span class='ocrx_word' id='word_1_728' title='bbox 841 2209 907 2228; x_wconf 74' lang='lat' dir='ltr'>ante</span> <span class='ocrx_word' id='word_1_729' title='bbox 931 2202 958 2228; x_wconf 71' lang='lat' dir='ltr'>se</span> <span class='ocrx_word' id='word_1_730' title='bbox 969 2203 1086 2232; x_wconf 76' lang='lat' dir='ltr'>nolitis,</span> <span class='ocrx_word' id='word_1_731' title='bbox 1103 2211 1133 2229; x_wconf 80' lang='lat' dir='ltr'>ra</span> <span class='ocrx_word' id='word_1_732' title='bbox 1155 2207 1207 2231; x_wconf 89' lang='lat' dir='ltr'>tim</span> <span class='ocrx_word' id='word_1_733' title='bbox 1218 2207 1259 2231; x_wconf 88' lang='lat' dir='ltr'>ci-</span> 
     </span>
     <span class='ocr_line' id='line_1_140' title="bbox 683 2232 1265 2268; baseline 0.009 -11"><span class='ocrx_word' id='word_1_734' title='bbox 683 2232 750 2257; x_wconf 89' lang='lat' dir='ltr'>bum</span> <span class='ocrx_word' id='word_1_735' title='bbox 771 2239 902 2265; x_wconf 75' lang='lat' dir='ltr'>caperent</span> <span class='ocrx_word' id='word_1_736' title='bbox 914 2249 921 2261; x_wconf 76' lang='lat'><em>‚</em></span> <span class='ocrx_word' id='word_1_737' title='bbox 939 2235 1013 2260; x_wconf 83' lang='lat' dir='ltr'>binis</span> <span class='ocrx_word' id='word_1_738' title='bbox 1025 2251 1032 2261; x_wconf 79' lang='lat'>.</span> <span class='ocrx_word' id='word_1_739' title='bbox 1049 2237 1123 2261; x_wconf 84' lang='lat' dir='ltr'>terni</span> <span class='ocrx_word' id='word_1_740' title='bbox 1140 2244 1171 2262; x_wconf 83' lang='lat' dir='ltr'>ve</span> <span class='ocrx_word' id='word_1_741' title='bbox 1183 2236 1265 2268; x_wconf 25' lang='lat' dir='ltr'>sum-⁷</span> 
     </span>
     <span class='ocr_line' id='line_1_141' title="bbox 684 2266 1268 2298; baseline 0.01 -10"><span class='ocrx_word' id='word_1_742' title='bbox 684 2271 760 2289; x_wconf 88' lang='lat' dir='ltr'>mum</span> <span class='ocrx_word' id='word_1_743' title='bbox 789 2270 824 2289; x_wconf 83' lang='lat' dir='ltr'>ex</span> <span class='ocrx_word' id='word_1_744' title='bbox 853 2266 1006 2297; x_wconf 81' lang='lat' dir='ltr'>manipulis</span> <span class='ocrx_word' id='word_1_745' title='bbox 1024 2269 1148 2298; x_wconf 75' lang='lat' dir='ltr'>aquandi</span> <span class='ocrx_word' id='word_1_746' title='bbox 1170 2268 1268 2295; x_wconf 29' lang='lat' dir='ltr'>causta*</span> 
     </span>
     <span class='ocr_line' id='line_1_142' title="bbox 686 2295 1260 2327; baseline 0.01 -7"><span class='ocrx_word' id='word_1_747' title='bbox 686 2295 771 2321; x_wconf 74' lang='lat' dir='ltr'>millis</span> <span class='ocrx_word' id='word_1_748' title='bbox 786 2302 795 2326; x_wconf 84' lang='lat'>·,</span> <span class='ocrx_word' id='word_1_749' title='bbox 813 2297 930 2323; x_wconf 83' lang='lat' dir='ltr'>interim</span> <span class='ocrx_word' id='word_1_750' title='bbox 950 2304 1035 2327; x_wconf 74' lang='lat' dir='ltr'>eques</span> <span class='ocrx_word' id='word_1_751' title='bbox 1054 2306 1116 2324; x_wconf 82' lang='lat' dir='ltr'>cum</span> <span class='ocrx_word' id='word_1_752' title='bbox 1139 2301 1192 2326; x_wconf 82' lang='lat' dir='ltr'>levi</span> <span class='ocrx_word' id='word_1_753' title='bbox 1213 2308 1260 2325; x_wconf 81' lang='lat' dir='ltr'>ar-</span> 
     </span>
    </p>
   </div>
   <div class='ocr_carea' id='block_1_11' title="bbox 65 2318 1260 2421">
    <p class='ocr_par' dir='ltr' id='par_1_16' title="bbox 65 2318 1260 2421">
     <span class='ocr_line' id='line_1_143' title="bbox 66 2318 1260 2361; baseline 0.013 -17"><span class='ocrx_word' id='word_1_754' title='bbox 66 2318 367 2356; x_wconf 73' lang='lat' dir='ltr'>perfuerantemagna</span> <span class='ocrx_word' id='word_1_755' title='bbox 379 2324 571 2351; x_wconf 69' lang='lat' dir='ltr'>clade‚liboe·l</span> <span class='ocrx_word' id='word_1_756' title='bbox 584 2325 640 2349; x_wconf 77' lang='lat' dir='ltr'>ser-</span> <span class='ocrx_word' id='word_1_757' title='bbox 684 2334 794 2353; x_wconf 81' lang='lat' dir='ltr'>marura</span> <span class='ocrx_word' id='word_1_758' title='bbox 814 2334 925 2358; x_wconf 72' lang='lat' dir='ltr'>paratus</span> <span class='ocrx_word' id='word_1_759' title='bbox 942 2330 1151 2361; x_wconf 67' lang='lat' dir='ltr'>inllrustul&#39;que</span> <span class='ocrx_word' id='word_1_760' title='bbox 1170 2333 1260 2359; x_wconf 69' lang='lat' dir='ltr'>sterit,</span> 
     </span>
     <span class='ocr_line' id='line_1_144' title="bbox 65 2352 1258 2421; baseline 0.008 -44"><span class='ocrx_word' id='word_1_761' title='bbox 65 2352 236 2383; x_wconf 69' lang='lat' dir='ltr'>vzqueintcr</span> <span class='ocrx_word' id='word_1_762' title='bbox 248 2359 374 2383; x_wconf 56' lang='lat' dir='ltr'>emeram</span> <span class='ocrx_word' id='word_1_763' title='bbox 386 2358 507 2389; x_wconf 78' lang='lat' dir='ltr'>praedam</span> <span class='ocrx_word' id='word_1_764' title='bbox 515 2357 643 2383; x_wconf 69' lang='lat' dir='ltr'>abducti.</span> <span class='ocrx_word' id='word_1_765' title='bbox 680 2359 704 2385; x_wconf 79' lang='lat' dir='ltr'>li</span> <span class='ocrx_word' id='word_1_766' title='bbox 722 2359 794 2392; x_wconf 86' lang='lat' dir='ltr'>quid</span> <span class='ocrx_word' id='word_1_767' title='bbox 812 2360 900 2388; x_wconf 79' lang='lat' dir='ltr'>hostis</span> <span class='ocrx_word' id='word_1_768' title='bbox 918 2368 1052 2421; x_wconf 40' lang='lat' dir='ltr'>moi-{reg</span> <span class='ocrx_word' id='word_1_769' title='bbox 1069 2362 1162 2391; x_wconf 74' lang='lat' dir='ltr'>AEtoli</span> <span class='ocrx_word' id='word_1_770' title='bbox 1182 2365 1258 2394; x_wconf 74' lang='lat' dir='ltr'>(jam</span> 
     </span>
    </p>
   </div>
   <div class='ocr_carea' id='block_1_12' title="bbox 1179 2404 1255 2423">
    <p class='ocr_par' dir='ltr' id='par_1_17' title="bbox 1179 2404 1255 2423">
     <span class='ocr_line' id='line_1_145' title="bbox 1179 2404 1255 2423; baseline -0.039 0"><span class='ocrx_word' id='word_1_771' title='bbox 1179 2404 1255 2423; x_wconf 63' lang='lat' dir='ltr'>eniti:</span> 
     </span>
    </p>
   </div>
  </div>
 </body>
</html>
