1414 2655
129 156 209 221 ³¹15ss
218 191 294 226 ροσε
305 207 312 221 ‚
322 192 356 219 ut
368 191 476 218 flumen
488 172 544 222 pro·
552 189 716 215 munimen-

129 231 163 254 to
174 223 460 254 haberent,omnibus
469 223 560 249 ferme
569 221 626 248 suis
637 225 718 246 trans

601 141 647 176 Τ.
696 140 894 174 Lrvt't

770 185 817 212 bat
827 178 907 212 tanta
926 184 969 212 vis
979 183 1095 212 navium
1107 188 1172 211 enm
1185 182 1296 216 ingenti
1307 182 1352 212 ffl-

770 225 810 244 no
820 218 951 244 fluminis
969 217 999 245 St
1018 217 1144 244 clamore
1154 216 1233 242 vario
1249 221 1352 244 nauta-

136 258 314 286 Rhodanum
334 255 461 286 trajectis
472 272 480 284 ,
498 255 665 281 ulteriorem
678 251 718 277 ri-
741 250 746 271 0
769 249 871 276 rum&
885 250 1012 276 militum
1022 266 1031 279 ,
1048 248 1100 281 qul
1111 248 1277 275 nitebantur
1287 255 1353 281 per-

135 297 201 324 pam
217 290 310 316 amnis
330 288 416 315 armis
425 287 606 314 obtinebant.
627 287 717 310 Crete-

133 329 184 349 ros
192 322 301 349 accolas
310 319 443 348 fluminis
463 318 608 345 Annibal,
625 317 654 344 8<
665 323 716 342 eo-

135 361 202 381 rum
219 354 347 386 ipsorum
357 353 410 384 qul
419 351 495 379 sedes
506 355 670 377 tenuerant,
680 348 724 374 fia

135 387 199 414 mul
219 386 332 419 perlicit
351 385 437 411 donis
446 384 482 411 ad
492 382 717 413 navesundique
740 383 744 395 ¹

766 288 898 314 rumpere
916 283 1054 314 impetum
1074 281 1224 309 fluminis,
1251 279 1280 308 Sc
1297 281 1351 313 qui

765 320 801 341 ex
822 314 913 341 altera
932 314 995 346 ripa
1014 313 1190 344 trajicientes
1209 309 1274 338 suos
1283 312 1354 338 hor-

742 348 744 353 ’
767 347 915 373 tabantur.
932 347 997 380 Jam
1016 345 1084 371 satis
1102 350 1235 378 paventes
1251 344 1353 370 adver-

766 377 797 404 so
807 378 948 408 tumultu,
961 377 1122 405 terribilior
1130 376 1165 402 ab
1174 381 1257 408 tergo
1265 375 1353 410 ador·

121 418 346 445 *contrahendas
356 414 610 448 fabricandasque:
631 413 717 439 fimul
741 412 745 446 'l
767 411 958 439 tusclamor,
979 410 1077 436 castris
1094 409 1129 435 ab
1149 410 1295 435 Hannone
1306 413 1352 433 ω-

134 450 166 478 8<
185 449 235 483 ipfi
257 450 353 480 trajici
373 450 532 474 exercitum
547 464 555 475 ,
573 446 725 477 levarique*
742 453 743 457 ¹
766 443 835 476 ptiS.
853 448 921 468 mox
939 442 969 469 8<
988 441 1048 472 ipse
1058 442 1175 476 aderat,
1194 438 1353 472 ancepssuie

134 488 221 514 quarn
242 481 368 514 primum
389 481 534 514 regionem
548 479 626 504 suam
636 481 717 504 tanta

135 518 256 546 urgente
277 513 430 539 hominum
449 512 534 539 turba
552 511 716 542 cupiebant.

133 547 238 578 Itaque
259 545 360 576 ingens
376 544 470 571 coacta
479 545 521 571 vis
530 543 646 570 navium
659 541 698 567 est
710 556 719 569 s

133 578 329 613 lintriumque
355 581 462 603 temere
495 577 529 603 ad
568 574 720 602 vicinalem

138 610 223 636 ulum
233 614 393 642 paratarum
405 617 412 635 :
425 607 571 640 novasque
582 608 653 633 alias
662 605 721 636 pri-

137 648 216 668 mum
236 640 317 667 Galli
337 641 508 668 inchoantes
533 639 666 666 cavabant
685 641 721 662 ex

140 673 262 707 singulis
269 673 420 699 arboribus
431 681 437 698 ε
450 673 556 699 deinde
565 672 594 699 8<
606 670 656 704 ipsi
667 669 722 696 mi-

135 707 205 734 lites
215 722 224 734 ,
233 705 315 732 simul
328 706 411 738 copia
421 705 547 731 materiae
558 720 567 733 ,
585 701 670 729 fimul
681 700 722 728 fa-

135 738 259 775 cilitate¹
268 738 363 767 operis
373 737 482 764 inducti
493 751 501 765 ‚
520 737 615 763 alveos
625 733 724 761 infor-

123 775 199 796 -mes
217 769 303 801 (nihil
325 769 483 796 dummodo
493 769 594 794 innare
602 773 682 799 aquae
691 766 721 793 8<

137 807 236 834 capere
257 807 346 827 onera
365 800 472 834 possent
483 799 635 829 cut-antes)
657 798 723 831 qui-

144 834 198 860 bus
215 833 245 859 se
256 831 361 866 suaque
371 833 588 860 transveherent
599 849 607 861 ,
617 830 723 863 raptim

142 865 298 892 faciebant.

175 899 245 930 cap.
265 898 291 922 X
301 898 326 922 X
338 897 365 921 V
376 897 391 922 1
403 897 427 922 l.
444 897 566 929 Jamque
588 895 725 922 omnibus

137 929 207 956 satis
217 929 386 961 comparatis
395 930 429 955 ad
441 929 656 959 trajiciendum,
668 932 726 954 ter-

139 962 243 988 rebant
261 967 298 986 ex
307 960 422 987 adverso
431 960 526 987 hostes
536 977 543 989 ‚
561 966 675 986 omnem
688 958 726 985 ri-

140 999 205 1026 pam
214 993 326 1025 equites
333 994 445 1024 virique
453 993 621 1019 obtinentes
633 1000 641 1015 .·
653 996 727 1023 quos
745 996 748 1003 ’

141 1030 177 1051 ut
186 1029 327 1052 averteret
337 1042 345 1054 ‚
368 1026 542 1051 Hannonem
554 1023 724 1050 Bomilcaris

139 1057 249 1096 filium,
258 1057 357 1088 vigilia
366 1058 456 1095 prima
467 1056 634 1095 nostiscum
646 1060 724 1085 parte
744 1072 750 1099 ί

136 1095 286 1121 copiarum
299 1105 307 1117 ‚
319 1095 443 1114 maxime
451 1087 595 1121 Hispanis,
606 1086 726 1113 adverso
744 1106 749 1120 „

144 1121 269 1147 flumine
298 1121 341 1146 ire
368 1121 424 1147 iter
439 1121 528 1147 unius
547 1120 606 1146 diei
624 1119 726 1150 jubet:
745 1125 749 1143 ε
768 1118 911 1143 Caeterum
925 1113 1014 1144 matris
1029 1112 1158 1139 constat,
1175 1111 1285 1138 ratibus
1296 1115 1355 1137 tra-

768 480 862 501 tcrror
871 473 1069 500 circumstabat
1091 473 1119 500 8<
1131 480 1145 498 e
1157 472 1276 498 navibus
1287 476 1352 498 tan-

768 511 797 533 ta
808 507 849 533 vis
862 510 1039 532 armatorum
1058 507 1087 532 in
1099 511 1204 531 terram
1216 504 1349 533 evadens,

773 539 802 565 ὃς
811 538 845 565 ab
855 545 938 570 tergo
949 537 1101 571 improvisa
1113 536 1255 570 premebat
1267 535 1353 562 acies.

769 571 850 598 Galli
869 587 878 601 ‚
913 570 1061 602 postquam
1081 570 1164 597 ultro
1183 569 1241 595 vim
1259 567 1353 594 facere

767 602 863 629 conati
882 602 1096 635 ‚pellebantur;
1118 607 1174 633 qua
1194 604 1291 633 patere
1309 600 1354 626 vl-

767 635 829 661 sum
839 635 962 661 maxime
982 635 1057 664 iter,
1073 637 1266 666 perrumpunt
1275 647 1284 660 ‚
1294 637 1352 658 tre·

742 661 748 682 ¹
767 667 888 700 pidique
907 666 938 692 in
957 666 1035 693 vicos
1056 665 1152 697 passim
1171 663 1239 691 suos
1258 663 1352 691 diffit-

767 700 865 733 giunt.
893 698 1024 725 Annibal
1048 697 1157 724 caeteris
1181 696 1274 728 copiis
1300 702 1352 729 per

768 732 866 758 otium
883 730 1028 761 trajectis.
1054 729 1187 761 spernens
1206 728 1263 758 jam
1279 728 1352 754 Gal-

767 763 838 790 licos
849 763 1000 791 tumultus,
1011 762 1100 788 castra
1108 761 1195 787 locat.
1207 759 1352 791 Elephan.

771 800 870 822 torum
890 794 1128 825 trajiciendorum
1144 792 1220 817 varia
1231 791 1352 818 consilia

768 827 852 855 fuifl'e
871 826 957 854 credo
980 834 986 852 :
1011 831 1087 852 certe
1115 824 1223 850 variata
1244 829 1354 849 memo-

767 861 810 886 ria
829 859 894 886 astae
914 858 966 884 rei.
985 858 1101 890 quidam
1120 855 1300 887 congregatis
1314 855 1352 882 ad

770 893 862 926 ripam
890 890 1069 927 elephantis,
1089 888 1212 916 tradunt
1232 885 1353 920 ferocis-

769 925 870 950 {imum
891 928 927 949 ex
945 922 979 948 iis
1006 921 1156 948 irritatum
1180 920 1216 945 ab
1241 919 1352 946 rectore

769 956 840 985 suo,
863 961 953 987 quum
982 953 1177 985 refugientem
1197 952 1227 978 in
1248 957 1351 982 aquam

771 993 888 1014 nantem
897 987 1062 1017 sequeretur
1073 1001 1082 1014 ,
1092 983 1205 1011 traxiffe
1215 989 1327 1017 gregem
1340 988 1350 1014 3

768 1025 801 1046 ut
821 1023 962 1052 quemque
985 1018 1134 1044 timentem
1163 1014 1351 1043 altitudinem

769 1053 937 1079 destituerat
957 1051 1059 1075 vadum
1071 1065 1079 1077 ,
1101 1047 1283 1081 impetuipso
1294 1046 1353 1073 flu-

769 1085 858 1110 minis
882 1083 912 1109 in
947 1081 1066 1108 alteram
1092 1081 1184 1112 ripam
1210 1080 1351 1110 rapiente.

141 1153 173 1180 St
183 1153 232 1179 nbi
243 1153 367 1185 primum
377 1152 466 1184 pofl'et
478 1170 486 1182 ‚
496 1159 581 1185 quam
591 1150 725 1177 occultis·
743 1144 749 1194 ξ
765 1148 872 1181 lectos:
894 1146 923 1173 id
935 1162 943 1175 ,
960 1151 994 1172 ut
1013 1144 1107 1172 tutius
1123 1143 1276 1170 confilium
1285 1148 1353 1169 ante

142 1185 213 1211 sime
237 1183 358 1215 trajesto
374 1185 451 1210 amni
473 1201 480 1212 ,

142 1223 255 1249 agmen.
273 1221 307 1242 ut
317 1223 407 1248 quum
416 1222 487 1248 opus
497 1216 571 1242 facto
581 1216 617 1241 iit
629 1231 638 1242 ,
649 1215 705 1240 ado
713 1229 724 1235 -

139 1250 234 1275 riatur
255 1249 289 1274 ab
308 1253 391 1280 tergo
408 1248 528 1274 hostem.
546 1248 592 1274 Ad
613 1247 642 1273 id
663 1247 727 1273 dati

142 1280 312 1307 elucescant·
323 1281 451 1306 educunt
461 1281 528 1306 inde
538 1279 630 1305 millia
641 1279 727 1309 quin-

164 1319 200 1339 ue
211 1312 355 1349 &yiginti
366 1328 373 1340 ‚
390 1312 480 1338 ferme
489 1311 574 1343 supra
582 1317 673 1345 parvae
683 1311 728 1336 in-

154 1346 209 1371 ulae
228 1343 434 1371 circumfusum
442 1349 574 1374 amnem;
593 1342 726 1370 latiorem

139 1377 192 1404 ubi
213 1377 417 1405 dividebatur,
433 1382 524 1406 eoque
552 1375 647 1401 minus
665 1374 726 1400 alto

141 1410 224 1435 alveo
237 1425 245 1437 ‚
263 1408 416 1445 tranfitum
434 1407 596 1434 ostendere.
624 1406 663 1432 ibi
684 1412 727 1432 ra-

142 1441 218 1473 ptim
228 1444 294 1467 czeia
304 1441 423 1466 materia
433 1456 442 1467 ,
463 1439 594 1470 ratesque
605 1437 725 1464 fabrica-

133 1478 180 1500 ·tae
189 1490 198 1502 ‚
211 1473 242 1499 in
253 1472 356 1506 quibus
374 1473 441 1504 equi
451 1472 562 1502 virique
572 1471 601 1497 ὃ(
613 1470 670 1496 alia
688 1476 722 1496 o-

142 1510 212 1531 nera
224 1505 440 1535 trajicerentur.
457 1502 595 1534 Hispani,
607 1502 669 1527 {ine
679 1502 725 1528 ul-

143 1538 174 1563 la
193 1536 269 1562 mole
287 1537 318 1562 in
338 1540 416 1562 utres
435 1534 611 1561 vestimentis
629 1534 726 1564 conje-

144 1569 197 1595 ftis
207 1583 216 1595 ³
229 1568 279 1600 ipsi
291 1567 376 1594 cetris
386 1567 538 1600 suppositis
547 1565 724 1595 incubantes,

146 1601 256 1627 flumen
275 1604 432 1626 tranavere.
467 1601 506 1625 Et
524 1599 598 1624 alius
617 1598 726 1623 exerci-

141 1637 190 1660 tus
209 1632 319 1658 ratibus
337 1631 445 1662 junctis
453 1630 604 1662 trajectus,
629 1628 727 1655 castris

132 1670 235 1697 ‘prope
252 1663 362 1690 flumen
381 1663 480 1695 positis
491 1680 498 1691 ‚
518 1662 664 1688 nocturno
675 1661 726 1687 iti-

139 1702 214 1722 nere
223 1699 308 1728 atque
318 1696 412 1728 operis
420 1696 518 1721 labore
527 1694 611 1720 festus
622 1709 630 1721 ‚
641 1693 724 1724 quie-

139 1734 171 1755 te
180 1729 270 1754 unius
287 1727 345 1753 diei
356 1727 505 1758 reficitur;
528 1727 644 1752 intento
654 1726 724 1750 duce

141 1760 179 1786 ad
199 1759 352 1787 consilium
381 1764 547 1791 opportune
565 1756 724 1788 exsequen-

139 1792 222 1825 dum.
241 1791 357 1817 Postero
375 1792 423 1818 die
440 1789 562 1821 profesti
579 1795 615 1815 ex
636 1789 719 1818 loco,

139 1824 264 1856 prodito
275 1823 354 1850 fumo
374 1821 575 1856 fignificantst
584 1820 722 1849 transisse,

140 1856 173 1883 81
190 1855 268 1882 haud
286 1855 386 1886 procul
404 1854 504 1881 abesse.
521 1854 600 1886 quod
617 1852 668 1878 ubi
680 1859 723 1878 ac-

132 1888 219 1920 cepit
235 1887 383 1915 Annibal,
403 1893 439 1912 ne
459 1885 582 1913 tempori
601 1883 720 1913 deenen

135 1920 193 1946 dat
202 1919 313 1951 {ignum
324 1919 360 1945 ad
369 1914 582 1949 trajiciendum.
599 1917 663 1949 Jam
675 1922 722 1954 pa-

139 1955 216 1978 ratas
235 1950 400 1984 aptatasque
426 1949 548 1975 habebat
562 1949 646 1981 pedes
664 1948 722 1973 ltn-

134 1987 195 2010 tres
207 1989 214 2014 3
225 1983 338 2021 equites
357 1981 417 2008 fere
425 1986 542 2014 propter
552 1986 640 2012 equos
651 1985 723 2005 nan-

135 2020 184 2042 tes
202 2021 318 2041 navium
338 2020 438 2046 agmen
464 2014 500 2039 ad
518 2012 721 2043 excipiendum

137 2046 246 2074 adverti
269 2047 406 2078 impetum
427 2045 559 2072 fluminis
576 2048 658 2077 parte
678 2042 724 2069 su·

141 2079 258 2112 periore
287 2077 502 2104 transmittens,
523 2076 718 2106 tranquillita-

144 2116 203 2136 tem
230 2109 307 2136 infra
335 2109 549 2137 trajicientibus
586 2108 723 2134 lintribus

137 2143 292 2173 praebebat.
305 2142 453 2173 Equorum
464 2146 527 2172 pars
537 2145 638 2170 magna
650 2145 720 2164 nan-

135 2180 184 2201 tes
193 2173 263 2200 loris
271 2172 287 2200 a
297 2172 438 2206 puppibus
447 2172 723 2199 trabebantunpne·

135 2208 184 2233 ‘ter
195 2208 242 2232 e‘os
251 2220 260 2234 ‚
281 2210 354 2238 quos
363 2204 514 2230 instrustos
524 2203 720 2235 frenatosque.

140 2242 177 2264 ut
194 2237 342 2269 eittemplo
359 2236 466 2269 cgrefl‘o
486 2237 516 2262 in
528 2236 617 2266 ripam
626 2233 720 2266 equiti

141 2269 206 2296 usui
216 2269 304 2296 effcnt
315 2285 323 2296 ‚
341 2267 537 2299 imposuerant
549 2268 580 2293 in
591 2273 685 2292 naves.

175 2303 244 2333 cap.
263 2302 287 2325 x
298 2301 323 2325 X
335 2301 362 2324 V
373 2301 386 2326 1
399 2302 411 2326 I
423 2301 446 2326 1.
475 2299 552 2326 Galli
571 2297 721 2324 occursant

138 2332 172 2361 in
193 2333 285 2364 ripam
303 2338 366 2359 cum
385 2332 472 2358 variis
486 2331 648 2357 ululatibus
657 2335 722 2355 can-

142 2370 232 2397 tuque
242 2365 331 2389 moris
341 2363 382 2389 sui
397 2370 404 2394 ς
415 2363 576 2396 quatientes
588 2360 665 2387 scuta
674 2362 720 2387 iu-

137 2403 189 2425 per
208 2396 319 2427 capita‚
339 2394 540 2427 vibrantesque
558 2394 669 2420 dextris
681 2398 722 2419 te-

136 2428 185 2456 la:
205 2433 376 2462 quamquam
394 2427 424 2455 δε
442 2433 478 2455 ex
496 2425 616 2455 adverso
631 2430 721 2454 terr&

509 1184 724 1210 circumducere
769 1187 828 1206 rem
846 1179 936 1209 foret3
946 1179 986 1204 ita
995 1177 1056 1204 asta
1068 1184 1097 1203 re
1107 1193 1116 1205 ‚
1135 1176 1171 1202 ad
1185 1175 1271 1202 fidem
1284 1180 1352 1206 pro-

769 1213 836 1239 nius
846 1211 895 1237 est.
915 1212 1017 1237 Ratem
1036 1215 1122 1235 unam
1133 1207 1278 1244 ducentos
1285 1207 1353 1233 lon-

766 1251 830 1277 gam
840 1243 933 1276 pedes,
943 1240 1151 1275 quinquaginta
1160 1240 1257 1267 latam,
1268 1245 1284 1263 a
1296 1243 1354 1264 ter-

769 1283 801 1302 ra
813 1277 843 1302 in
854 1281 965 1300 amnem
975 1276 1184 1306 porrexerunt:
1196 1277 1283 1303 quam
1293 1285 1301 1297 .
1313 1274 1351 1295 ne

768 1307 893 1334 secunda
917 1312 989 1338 aqua
1003 1304 1185 1331 deferretur.
1213 1301 1349 1334 pluribus

766 1339 873 1366 validis
891 1337 1058 1364 retinaculis
1069 1342 1147 1368 parte
1156 1334 1304 1368 superiore
1314 1334 1356 1360 ri-

769 1379 811 1405 pre
829 1371 978 1402 religatam
988 1386 996 1397 ,
1018 1369 1116 1399 pontis
1128 1368 1158 1394 in
1169 1367 1287 1393 modum
1297 1366 1351 1392 hu·

770 1411 819 1430 mo
831 1402 935 1432 injecta
947 1401 1164 1428 constraverunt
1173 1415 1182 1427 ‚
1200 1404 1235 1424 ut
1248 1397 1351 1424 belluae

767 1435 901 1462 audacter
910 1434 990 1460 velut
1009 1439 1058 1464 per
1067 1432 1159 1458 solum
1169 1431 1354 1462 ingrederen-

771 1473 831 1495 tur.
859 1467 949 1492 altera
967 1465 1038 1492 ratis
1060 1471 1139 1497 :eque
1155 1463 1244 1490 data,
1264 1462 1351 1494 longa

768 1499 857 1532 'pedes
875 1503 990 1524 centum
1002 1514 1010 1526 ,
1029 1497 1065 1523 ad
1075 1495 1279 1528 trajiciendum
1290 1493 1351 1520 flu-

771 1537 835 1558 men
850 1535 915 1562 apta
935 1547 944 1560 ‚
972 1529 1041 1555 huic
1066 1528 1199 1560 copulata
1221 1525 1262 1553 est
1283 1534 1291 1551 z
1320 1525 1352 1553 St

769 1569 861 1596 quum
878 1561 1025 1593 elephanti
1043 1566 1093 1592 per
1104 1559 1231 1586 stabilem
1242 1562 1330 1584 ratem
1343 1572 1354 1586 .

770 1601 916 1627 tamquam
927 1594 1001 1619 viam
1012 1609 1020 1620 .
1039 1590 1291 1624 praegredientibus
1311 1588 1358 1616 fe·

769 1628 874 1655 minis,
894 1625 950 1652 acti
971 1641 980 1653 ‚
1007 1624 1037 1650 in
1064 1626 1206 1650 minorem
1233 1622 1358 1654 applica-

770 1665 828 1685 tam
848 1656 1011 1689 transgreffi
1040 1655 1108 1682 sunt
1121 1661 1129 1687 ς
1144 1654 1288 1686 extemplo
1310 1659 1356 1679 re·

771 1689 892 1718 solutis,
915 1689 1019 1723 quibus
1038 1688 1138 1714 leviter
1148 1691 1260 1713 annexa
1279 1689 1353 1715 erat,

771 1722 913 1750 vinculis,
935 1721 970 1747 ab
987 1721 1121 1746 actuariis
1139 1719 1254 1750 aliquot
1274 1717 1355 1743 navi-

774 1755 827 1781 bus
845 1754 881 1780 ad
907 1753 1024 1779 alteram
1043 1753 1134 1783 ripam
1153 1750 1350 1781 pertrahitur:

772 1788 813 1813 ita
827 1785 925 1819 primis
943 1783 1077 1817 expositis
1089 1798 1098 1811 ‚
1116 1783 1167 1809 alii
1188 1781 1296 1808 deinde
1306 1786 1350 1807 re-

771 1819 855 1852 petiti
867 1823 899 1842 ac
910 1815 1111 1848 trajestlsunt.
1127 1812 1287 1841 Nihilfiane
1295 1818 1354 1839 tre-

772 1850 912 1884 pidabant
931 1864 939 1876 ‚
966 1849 1057 1874 donec
1084 1845 1248 1872 continenti
1274 1845 1353 1871 velut

772 1887 863 1916 ponte
880 1884 1045 1911 agerentur.
1063 1878 1170 1911 primus
1181 1880 1243 1902 erat
1254 1881 1354 1907 pavor,

773 1920 863 1947 quum
873 1912 966 1938 soluta
975 1912 1010 1937 ab
1020 1911 1129 1937 caeteris
1147 1913 1209 1935 rate
1218 1909 1251 1934 iu'
1258 1908 1353 1934 altum

773 1949 951 1978 raperentur.
970 1943 1011 1970 ibi
1020 1947 1154 1974 urgentes
1163 1941 1242 1966 inter
1250 1937 1280 1966 se
1290 1956 1299 1968 ‚
1309 1945 1354 1966 ce-

774 1977 907 2004 dentibus
924 1975 1059 2001 extremis
1076 1974 1111 2000 ab
1118 1979 1207 2006 aqua,
1227 1971 1354 2000 trepida·

773 2009 884 2036 tionem
903 2008 1082 2038 aliquantum
1103 2004 1246 2033 edebant3
1267 2003 1360 2031 donec

775 2041 902 2073 quietem
929 2038 987 2072 ipse
1014 2040 1101 2065 timor
1126 2033 1356 2066 circumspicien-

776 2073 854 2099 tibus
870 2078 972 2103 aquam
991 2069 1110 2097 feciffet.
1125 2068 1257 2095 excidere
1266 2067 1355 2094 etiam

775 2103 922 2134 savientes
944 2103 1061 2160 ‘Pfidam
1085 2102 1117 2129 in
1144 2100 1266 2126 flumen.
1303 2097 1353 2124 std

775 2137 906 2170 pondere
918 2135 946 2167 ip
961 2142 980 2160 o
990 2134 1098 2160 stabiles
1109 2150 1117 2162 ,
1135 2130 1253 2163 delestis
1261 2128 1357 2167 reci-9-

777 2169 856 2195 ribus
867 2183 876 2195 ‚
895 2167 1055 2199 quaerendis
1072 2163 1247 2198 pedetentim
1265 2162 1356 2192 vadis,

779 2201 810 2227 in
831 2205 935 2226 terram
944 2197 1064 2225 evasere.

809 2233 881 2263 Cap.
900 2231 925 2256 X
938 2231 962 2255 X
976 2231 989 2256 1
1002 2231 1036 2254 Χ.
1055 2231 1132 2256 Dum
1142 2227 1285 2254 elephanti
1298 2227 1358 2253 trh-

775 2264 919 2295 jiciuntur
929 2279 936 2290 ‚
947 2262 1063 2288 interim
1076 2260 1203 2287 Annibal
1213 2259 1356 2286 Numidas

774 2296 886 2327 equites
895 2294 1072 2326 quingentos
1079 2293 1114 2320 ad
1124 2292 1213 2318 castra
1226 2292 1358 2318 Romana

775 2327 889 2353 miserat
909 2325 1081 2359 speculatum
1094 2340 1103 2352 ,
1118 2324 1169 2350 ubi
1189 2323 1218 2350 8<
1238 2326 1355 2355 quanta

778 2360 866 2391 copiae
875 2357 963 2384 ess‘ent
973 2357 1021 2386 ,sc
1031 2357 1102 2388 quid
1116 2359 1258 2388 pararent.
1277 2353 1355 2380 Huic

774 2392 824 2417 21ae
834 2391 964 2422 equitum
974 2389 1058 2418 mini,
1069 2393 1102 2415 ut
1110 2386 1295 2414 antedictum
1304 2384 1356 2412 est,

777 2423 812 2451 ab
821 2423 895 2451 ostio
914 2421 1051 2450 Rhodani
1071 2419 1193 2448 trecenti
1206 2420 1357 2476 Romatng
