1414 2655
135 78 289 148 {fratione
313 117 468 145 corporum
491 106 713 144 consumptum;

135 146 167 173 8t
189 152 278 176 major
298 150 361 177 pars
380 144 472 170 noetis
483 143 576 175 quieti
586 142 652 169 data
660 141 711 168 est.

133 182 238 210 quarta
250 177 345 210 vigilia
355 182 477 202 movere.

169 210 239 241 cap.
258 210 283 233 x
296 210 319 232 x
329 209 354 232 x
367 209 381 233 1
391 208 428 232 Χ.
448 208 538 233 Erant
557 206 635 232 ultra
645 212 713 238 pro-

131 241 212 267 xima
238 241 326 267 castra
350 239 399 265 sex
418 238 541 265 millium
559 238 716 265 intervallo

131 273 272 299 distantes
288 271 352 298 aliae
360 271 448 303 copiae
458 270 622 296 Poenorum.
645 269 715 295 Val-

126 303 169 331 lis
189 310 255 331 cava
273 304 431 331 intererat,
448 300 591 329 condensa
601 301 712 327 arbori-

134 335 198 361 bus.
215 336 247 361 in
267 335 353 366 hujus
363 334 437 361 lilvae
447 333 541 360 medio
551 333 640 359 ferme
650 332 711 364 spa-

131 367 178 394 tio
197 368 301 393 cohors
320 367 449 392 Romana
469 370 532 391 arte
549 365 657 391 Punica
666 364 714 389 ab·

136 399 220 424 ditur
231 414 240 427 ‚
255 398 285 425 8<
303 399 423 431 equites.
442 399 489 425 lta
501 397 595 423 medio
607 397 711 421 itinere

134 429 300 462 intercepto
311 444 320 459 ‚
335 435 441 456 caeterae
459 429 546 462 copix
567 428 664 453 iiienti
683 433 712 452 a-

133 461 231 494 gmine
249 462 287 487 ad
305 462 453 493 proximos
466 459 665 486 hostesdustae.
683 458 713 486 St

133 499 226 525 quum
241 492 327 519 statio
337 493 416 519 nulla
447 500 479 518 ro
492 499 536 524 poi
546 492 601 521 tis,
619 496 713 522 neque

130 524 166 550 in
179 524 255 551 vallo
264 524 397 551 custodiae
408 529 432 551 ei
444 529 493 550 ent
508 530 516 555 ς
535 524 614 550 velut
624 523 654 547 in
664 522 714 547 lixa

128 556 219 582 eastra
230 571 238 585 ‚
258 555 342 582 nulio
349 555 468 589 uilluam
477 554 630 581 obtinente
642 569 649 582 2
668 561 714 585 pe-

132 593 293 615 netravere.
310 588 381 614 Inde
392 589 469 620 ligna
479 593 601 615 canunt,
614 586 644 613 ὃ(
656 586 712 611 tol-

129 620 206 646 litur
216 620 333 646 clamor.
350 619 417 646 Pars
426 619 608 645 semisomnos
620 618 713 643 hostes

130 652 247 678 caedunt
268 659 273 675 .-
293 657 355 684 pars
373 653 451 683 ignes
470 650 538 678 caiis
557 650 711 676 stramento

132 683 218 709 arido
239 683 321 710 tectis
338 683 478 714 injiciunt
500 690 506 707 τ
534 688 597 715 pars
616 685 714 712 portas

131 720 276 747 occupant
294 729 302 742 .
327 720 361 741 ut
387 714 482 745 fugam
500 712 710 740 intercludant.

131 746 237 772 Hostes
247 746 328 772 fimui
339 746 424 779 ignis,
431 746 549 774 clamor,
559 747 656 773 caedes,
668 751 714 769 ve-

130 778 179 804 lut
187 778 327 804 alienatos
334 778 471 806 sentibus,
478 784 528 803 nec
538 777 648 803 audire.
660 781 712 801 nec

129 810 284 849 providere
294 812 445 843 quicquam
454 809 565 836 sinunt.
579 808 713 834 incidunt

130 846 258 868 mermes
277 842 354 867 inter
373 846 497 867 catervas
515 845 710 870 armatorum3

129 873 185 899 ulii
194 878 285 899 ruunt
295 874 331 899 ad
346 879 439 905 portas
449 889 458 902 ‚
469 872 519 898 aiii
530 871 654 903 obreptis
665 871 713 897 iti-

128 904 250 931 neribus
267 905 353 938 super
370 905 476 931 vallum
494 903 620 929 saliunt:
639 902 668 929 &
680 906 714 929 ut

157 935 259 968 uisque
273 936 416 965 evaserat,
438 936 570 967 protinus
579 934 615 960 ad
626 934 713 959 castra

130 973 149 994 a
163 973 222 994 tera
240 968 360 1002 fugiunt
380 976 387 994 ε
416 968 465 994 ubi
485 968 521 993 ab
541 966 660 992 cohorte
679 965 710 992 ὃ(

134 1000 281 1032 equitibus
300 1006 337 1026 ex
348 1000 463 1026 occulto
477 998 714 1030 procurrentibus

131 1032 332 1061 circumventi,
343 1032 459 1064 caeiiqne
468 1032 504 1058 ad
514 1036 604 1057 unum
614 1036 713 1056 omnes

132 1062 214 1092 sunt.
230 1070 399 1099 quamquam
411 1064 495 1089 etiam
505 1079 513 1091 ‚
525 1062 547 1087 ii
560 1061 625 1092 quis
634 1067 669 1086 ex
681 1067 714 1086 ea

132 1096 211 1122 caede
227 1095 369 1127 effugisset
382 1111 391 1123 ‚
407 1096 478 1121 adeo
501 1094 605 1125 raptim
625 1093 715 1126 captis

130 1127 317 1162 propioribus
325 1127 420 1154 castris
431 1129 460 1153 in
470 1125 561 1153 altera
570 1126 715 1151 tranicur-

133 1160 197 1185 ium
217 1159 306 1185 castra
326 1159 361 1185 ab
372 1157 512 1185 Romanis
520 1157 561 1183 est
571 1173 580 1185 ‚
597 1161 631 1183 ut
644 1163 713 1188 prae·

131 1190 230 1217 venire
250 1191 373 1217 nuncius
381 1190 469 1217 cladis
479 1196 537 1215 non
548 1187 649 1221 posset.
666 1187 713 1213 lbi

135 1228 204 1249 vero
214 1228 272 1257 quo
284 1223 401 1254 longius
411 1223 444 1247 ab
454 1222 532 1247 hoste
541 1221 670 1247 aberant,
681 1219 712 1246 Sc

134 1254 206 1285 quia
226 1254 278 1280 iub
297 1253 390 1280 lucem
407 1253 571 1286 pabulatum
589 1268 598 1280 ‚
619 1252 712 1280 ligna-

131 1290 196 1312 tum
204 1286 233 1312 8<
245 1286 401 1318 praedatum
411 1286 526 1317 quidam
538 1283 714 1320 dilapiiflfue-

132 1322 202 1343 rant
212 1333 221 1347 ‚
241 1317 366 1350 neglecta
385 1318 470 1349 magis
480 1317 579 1342 omnia
590 1322 622 1341 ac
633 1315 709 1340 tolu-

130 1355 163 1376 ta
183 1350 338 1375 invenere:
355 1355 432 1374 arma
450 1353 563 1374 tantum
575 1348 604 1372 in
616 1347 713 1373 statio-

132 1381 222 1407 nibus
240 1381 332 1417 posita
352 1388 359 1406 ι
379 1380 486 1406 milites
505 1380 645 1415 inermes,
661 1383 712 1404 aut

132 1413 217 1439 humi
235 1413 362 1439 ledentes
387 1412 609 1443 accubantcique
627 1427 635 1439 ‚
662 1416 712 1437 aut

128 1444 346 1471 obambulantes
354 1450 422 1471 ante
432 1444 537 1469 vallum
550 1441 714 1474 portasque,

133 1478 210 1502 curn
228 1477 273 1502 his
290 1481 348 1502 tarn
366 1475 472 1502 tecutis
480 1473 638 1505 solutisque
651 1475 713 1499 Ro-

133 1508 213 1534 mani
223 1524 231 1536 ‚
248 1508 372 1534 calentes
390 1508 483 1533 adhuc
497 1507 532 1533 ab
542 1507 650 1532 recenti
661 1512 713 1538 pu-

131 1546 199 1570 gna,
211 1538 375 1572 ferocesque
386 1539 512 1566 viatoria,
523 1538 657 1572 proelium
669 1539 713 1562 in-

132 1577 215 1607 eunt.
240 1572 342 1603 Itaque
370 1577 548 1602 nequaquam
569 1570 659 1595 reilsti
680 1570 711 1594 in

128 1608 224 1635 porus
244 1604 353 1634 potuit.
371 1603 448 1628 intra
466 1607 562 1633 portas
573 1600 713 1627 concursu

129 1640 168 1661 ex
188 1635 259 1661 totis
277 1634 374 1661 castris
381 1634 417 1660 ad
428 1635 549 1666 primum
560 1633 711 1659 clamorem

132 1666 176 1705 &0
186 1667 343 1693 tumultum
363 1666 456 1694 fatto,
477 1671 564 1692 atrox
575 1665 711 1701 proelium

127 1703 248 1724 oritur:
266 1698 377 1730 diuque
387 1698 537 1726 tenuisset,
555 1701 713 1722 nicruenta

127 1728 208 1757 scuta
220 1731 419 1756 Romanorum
428 1729 485 1756 visa
496 1746 504 1757 ,
522 1729 660 1755 indicium
672 1729 714 1754 al-

130 1763 224 1788 terius
240 1762 330 1788 cladis
353 1762 449 1787 Poenis
459 1778 467 1790 ‚
488 1766 574 1791 atque
584 1760 652 1786 inde
663 1766 711 1791 pa-

129 1799 230 1819 vorem
240 1793 412 1823 injecissent.
430 1793 508 1819 Hinc
519 1798 613 1818 terror
623 1792 654 1817 in
664 1791 711 1817 fu-

128 1830 195 1857 gam
212 1825 317 1851 avertit
337 1831 437 1851 omnes
456 1834 463 1850 ;
483 1823 637 1856 effusique,
655 1830 712 1858 qua

130 1859 188 1883 iter
208 1857 265 1885 est,
286 1856 341 1883 nist
359 1862 433 1894 quos
449 1856 537 1882 caedes
554 1855 710 1887 oppreflit‚
736 1865 738 1878 ι

130 1894 281 1915 exuuntur
299 1888 405 1915 castris.
424 1889 469 1914 Ita
478 1887 561 1913 noste
571 1894 602 1913 ac
611 1887 658 1913 die
670 1886 712 1912 bi—

129 1926 169 1946 na
188 1920 277 1946 castra
294 1919 418 1946 hostium
440 1924 603 1955 expugnata
621 1917 710 1944 dustu

129 1952 169 1977 L.
180 1952 296 1978 Marcii.
314 1952 362 1978 Ad
373 1952 412 1978 tri
433 1952 494 1977 inta
506 1952 608 1982 {eptem
619 1950 712 1976 miliia

128 1983 258 2009 hostium
277 1982 343 2009 caesa
356 1999 364 2012 ,
380 1989 417 2009 au
432 1983 481 2009 tor
499 1982 538 2009 est
550 1982 689 2008 Claudius
701 1998 710 2011 ‚

128 2015 183 2047 qui
208 2016 324 2041 annales
341 2015 488 2041 Acilianos
504 2020 541 2040 ex
559 2016 660 2040 Graeco
679 2014 709 2039 in

128 2046 268 2073 Latinum
278 2046 436 2072 sermonem
445 2047 534 2072 vertit
545 2053 551 2070 :
569 2051 665 2077 captos
674 2045 711 2076 ad

130 2078 211 2105 mille
228 2078 410 2111 octingentos
427 2078 549 2110 triginta
563 2086 569 2103 z
588 2077 710 2109 praedam

128 2110 276 2142 Ingentem
295 2114 414 2142 partam.
444 2109 474 2135 in
494 2116 526 2135 ea
546 2107 631 2135 fuisse
652 2109 712 2140 cly-

127 2148 214 2174 peum
231 2146 399 2174 argenteum
419 2141 516 2173 pondo
534 2147 649 2167 centum
660 2141 712 2167 tri-

125 2174 209 2205 ginta
219 2174 285 2204 oeto
297 2188 306 2202 ,
324 2180 388 2199 cum
402 2173 525 2204 imagine
534 2172 650 2199 Barcini
660 2172 713 2199 As-

124 2205 268 2231 drubalis.
285 2205 418 2231 valerius
439 2204 542 2230 Antias
560 2210 617 2230 una
627 2204 714 2230 castra

129 2237 267 2294 Magonis
276 2242 359 2269 capta
373 2236 483 2264 tradit,
504 2235 610 2267 septem
620 2236 714 2261 millia

125 2275 166 2295 et
180 2275 197 2294 a
215 2268 340 2295 hostium
361 2275 368 2292 .·
386 2268 479 2294 altero
501 2268 606 2299 proelio
621 2282 629 2293 .
645 2273 711 2293 eru-

124 2300 228 2331 ptione
253 2304 410 2333 puvnatum
436 2305 500 2325 cum
529 2298 708 2324 Asdrubale:

126 2332 224 2361 decem
244 2321 457 2362 miliiaoccisa,
479 2336 608 2364 quatuor
618 2330 711 2358 mulia

597 65 643 97 T.
689 63 889 101 L1v11

767 115 912 139 trecentos
926 110 1049 143 triginta
1059 112 1166 144 «Ἄρως.
1183 109 1250 138 mro
1259 110 1346 145 quin-

766 149 823 173 que
834 144 926 170 millia
935 143 1095 172 hominum,
1106 149 1194 175 quum
1203 144 1290 176 Mago
1302 152 1350 171 ceu

764 174 863 213 dentes
869 175 985 211 *nostro-s
995 173 1082 201 effuse
1091 174 1269 207 sequeretur,
1278 175 1349 203 caesa

767 212 802 231 ex
822 207 936 234 insidiis
953 207 1063 233 icribit.
1083 209 1108 233 A
1129 207 1169 233 ud
1178 214 1276 234 omnes
1285 214 1346 234 ma·

765 244 853 269 gnum
871 245 976 265 nomen
989 239 1096 265 Marcii
1123 238 1183 265 ucis
1191 239 1242 265 est.
1257 239 1287 267 ὃ(
1297 246 1346 266 ve·

766 276 804 294 rae
832 272 933 303 gloria-2
952 271 1014 302 ejus
1036 271 1122 297 etiam
1140 271 1277 297 miracula
1293 271 1348 298 ad-

762 300 865 339 duntx:
888 303 1030 328 flammam
1049 303 1076 329 ei
1095 302 1281 329 concionanti
1299 302 1348 329 fu-

765 332 822 358 sam
841 342 856 360 e
875 334 966 366 capite
982 334 1043 359 line
1063 334 1150 365 ipsius
1159 332 1243 359 sensu
1254 350 1263 363 ,
1280 339 1345 365 curn

762 372 866 397 magno
885 372 989 397 pavore
1004 365 1251 392 circumstantium
1270 365 1348 392 miii·-

765 402 839 423 tum.
858 402 1077 424 monumentum
1097 403 1135 423 ue
1147 396 1270 424 vistorlae
1283 397 1348 428 eju«

766 430 802 455 de
824 429 938 457 Poenis,
954 428 1070 461 usquea
1104 427 1250 455 incensum
1260 429 1347 461 capi·

765 460 869 487 renium
888 476 896 489 ‚
914 460 996 487 fnifl'e
1014 461 1045 487 in
1063 460 1172 493 templo
1190 460 1322 492 clypeum
1334 474 1346 490 ‚

766 492 907 527 Marcium
926 492 1119 525 appeliatum3
1138 498 1202 518 cum
1222 491 1345 525 imagine

765 524 932 551 Aidrubalis
961 524 1072 557 Qietae
1089 524 1195 550 deinde
1203 524 1346 555 aliquam-

763 555 814 581 diu
834 556 864 582 in
885 555 1023 588 Hispania
1032 562 1075 582 res
1086 555 1166 581 fuere
1177 570 1185 583 ‚
1203 555 1345 587 utrisque.

762 589 825 618 post
844 593 937 614 tantas
952 593 1078 620 acceptas
1097 587 1218 613 invicem
1235 586 1344 613 illatas-

760 624 816 654 que
834 620 927 645 ciades
938 636 945 648 ‚
967 619 1167 646 cunei-antibus
1183 619 1345 651 periculum

761 654 875 677 lummae
886 658 981 677 rerum
992 652 1095 677 facere.

799 684 869 714 cap.
888 684 959 709 XL.
978 685 1054 710 Dum
1073 682 1132 708 htec
1149 681 1180 708 ln
1198 679 1339 713 Hispania

763 719 905 750 geruntur
917 732 924 742 ‚
948 714 1111 741 Marcellus,
1121 713 1209 751 captis
1221 715 1342 745 syracu-

761 748 797 772 ns
806 762 815 774 ,
835 753 923 778 quum
932 752 1033 772 caetera
1044 746 1075 772 in
1088 745 1184 771 Sicilia
1192 749 1272 771 tanta
1284 744 1344 770 tide

759 783 846 810 atque
855 778 1022 811 integritate
1029 776 1272 809 composuifl'et,ut
1281 781 1344 812 non

765 810 852 835 modo
863 808 940 836 suam
950 810 1073 841 gloriam
1083 824 1092 837 ,
1102 807 1150 834 sed
1160 808 1246 833 etiam
1256 813 1344 838 maye·

761 841 859 868 statem
880 842 981 874 populi
1000 840 1124 867 Romani
1141 844 1280 871 augerem
1297 844 1345 865 or-

764 878 897 899 namenta
906 873 1082 905 urbis,1igna
1093 870 1267 903 tabulasque,
1278 870 1346 902 qui·

765 905 816 931 bus
833 904 1016 931 abundabant
1035 902 1193 936 syracusae‚
1220 903 1344 929 Romam

763 938 888 963 devexit.
908 937 1040 962 Hostium
1052 936 1166 967 quidem
1177 934 1229 960 illa
1238 932 1342 965 spolia,

762 969 792 995 sc
803 974 884 1000 parta
894 968 962 994 belli
972 967 1053 999 jure.-
1065 972 1195 993 caeterum
1208 966 1277 993 inde
1289 965 1348 998 prl-

764 1006 842 1027 mum
864 1001 983 1027 initium
995 998 1119 1025 mirandi
1129 999 1289 1024 Graecarum
1299 1003 1347 1024 ar-

765 1033 838 1058 rium
859 1038 964 1063 opera,
982 1031 1162 1062 licentiaeque
1180 1029 1249 1055 huic
1268 1027 1345 1055 sacra

763 1064 944 1122 i-Jffiffiie
958 1059 1345 1126 q⁰11¹32¹¹¹13²01i1f¹e¹5221¹333>³ss23

764 1134 818 1154 nos
830 1129 915 1154 ileos,
927 1126 1064 1156 tempium
1075 1122 1198 1157 idipsum
1210 1125 1344 1156 primum,

763 1160 843 1191 quod
853 1158 868 1185 a
878 1158 1018 1184 Marcello
1029 1158 1136 1184 eximie
1146 1161 1281 1183 ornatum
1290 1154 1343 1184 est.

763 1191 863 1217 vertit.
883 1190 1057 1216 visebantur
1073 1189 1150 1214 enim
1168 1187 1203 1214 ab
1214 1187 1344 1224 cateruis

760 1223 796 1248 ad
817 1227 927 1255 portam
947 1223 1087 1254 Capenam
1097 1219 1249 1247 dedicataa
1262 1219 1344 1255 Mar-

761 1255 835 1280 cello
847 1254 961 1286 templa·
974 1258 1091 1285 propter
1101 1251 1270 1278 excellentia
1278 1255 1341 1281 esus

762 1287 875 1319 generis
885 1291 1054 1311 ornamenta
1068 1300 1076 1313 ,
1094 1289 1220 1316 quorum
1231 1281 1343 1314 perexi-

763 1324 819 1350 gua
848 1323 912 1349 pars
938 1321 1092 1349 comparet.
1119 1314 1292 1347 Legationes
1310 1320 1345 1339 o-

766 1350 875 1376 mnIum
902 1349 991 1375 ferme
1015 1348 1165 1374 civitatum
1181 1344 1285 1372 siciiiae
1303 1344 1341 1371 ad

761 1388 827 1407 eum
844 1380 1063 1407 conveniebant.
1083 1377 1186 1410 Dispar
1201 1382 1237 1415 ‚¹¹¹
1254 1376 1346 1403 caussa

761 1420 867 1441 earum,
879 1413 920 1439 im
929 1412 1061 1438 conditio
1068 1415 1141 1437 erat.
1179 1416 1211 1444 ui
1221 1414 1288 1435 ante
1298 1414 1346 1434 ca-

761 1450 823 1477 ptas
842 1442 990 1476 Syracusas
1006 1448 1057 1469 aut
1076 1448 1136 1468 non
1176 1441 1342 1469 elciverant.

765 1483 815 1502 aut
833 1477 978 1503 redierant
996 1475 1025 1501 in
1036 1474 1190 1501 amicitiam
1200 1489 1208 1500 .
1225 1477 1259 1499 ut
1268 1470 1341 1498 socii

761 1508 861 1535 fideles
872 1508 989 1540 accepti,
999 1506 1129 1537 cultique
1140 1513 1147 1530 .·
1187 1510 1240 1531 uos
1251 1508 1346 1530 metus

761 1541 828 1598 ἓξὲξ,
843 1537 1271 1601 ῗῖἒῖἰοῗζῑῖἒξὲἒέεὲὼέτῗέξ
1282 1538 1342 1592 ’ἓὲ

737 1601 740 1613 ’
762 1609 826 1630 rant
840 1608 934 1629 tamen
945 1602 1020 1628 haud
1034 1607 1123 1633 parvae
1133 1607 1162 1626 re
1176 1600 1261 1631 iquiae
1272 1598 1341 1625 belii

762 1637 835 1661 circa
855 1636 1045 1667 Agrigentum
1058 1633 1214 1659 Romanis:
1236 1631 1344 1664 Epicy-

762 1668 811 1693 des
828 1667 857 1693 Sc
881 1668 1003 1694 Hanno,
1022 1665 1109 1691 duces
1118 1663 1225 1696 reliqui
1237 1663 1345 1693 prioris

763 1698 842 1727 belli,
855 1698 883 1725 Sc
895 1698 997 1724 tertius
1006 1702 1097 1722 novus
1107 1696 1142 1721 ab
1153 1694 1298 1722 Annibale
1309 1694 1342 1720 in

761 1731 858 1757 locum
868 1728 1052 1762 Hippocratis
1062 1728 1165 1757 missus,
1181 1726 1342 1758 Libyphoe-

762 1762 858 1788 nicum
877 1762 986 1794 generis
995 1760 1206 1793 Hipponiates,
1224 1756 1343 1789 (Muri-

763 1800 828 1820 nem
851 1794 1004 1825 populares
1023 1791 1185 1820 vocabant)
1204 1790 1249 1815 vir
1259 1789 1342 1820 impi-

782 1832 824 1853 ετ»
832 1825 861 1852 ἃ
872 1824 923 1851 sub
934 1824 1074 1850 Annibale
1084 1822 1218 1854 magistro
1229 1821 1341 1846 omneis

781 1857 830 1883 elli
850 1862 925 1882 artes
937 1857 1063 1882 edoctus.
1081 1856 1157 1881 Huic
1167 1853 1200 1879 ab
1213 1853 1235 1878 E
1259 1852 1342 1883 icyde

760 1889 791 1916 Sc
800 1890 944 1915 Hannone
955 1887 1089 1914 Numidae
1098 1886 1156 1912 dati
1167 1860 1321 1910 auxifiares
1333 1890 1341 1909 x

755 1927 820 1947 cum
832 1920 935 1951 quibus
945 1919 984 1945 ita
996 1923 1160 1952 pervagatus
1170 1917 1208 1943 est
1219 1915 1343 1950 hostiurn

762 1958 843 1983 agros
855 1967 864 1980 ,
886 1952 927 1977 lta
938 1950 1028 1977 socios
1038 1950 1073 1977 ad
1085 1947 1254 1975 retinendos
1265 1948 1295 1973 ln
1306 1947 1343 1972 h·

761 1985 798 2010 de
816 1983 927 2009 animos
946 1989 1045 2009 eorum
1058 1997 1066 2010 ‚
1079 1980 1289 2017 ferendumque
1309 1979 1340 2004 in

762 2021 891 2046 tempore
902 2014 1005 2046 cuique
1013 2013 1156 2040 auxilium
1168 2027 1176 2039 ‚
1195 2011 1268 2038 adut
1282 2016 1290 2042 ;
1308 2014 1344 2036 ut

763 2047 840 2073 brevi
862 2051 991 2077 tempore
1001 2051 1093 2072 totam
1105 2043 1229 2070 siciliam
1241 2042 1344 2074 imple-

763 2084 807 2104 ret
828 2078 955 2104 nominis
973 2077 1038 2109 sui;
1056 2083 1107 2102 nec
1116 2075 1240 2107 spesalia
1252 2074 1345 2104 major

762 2110 838 2144 apud
864 2109 992 2135 faventes
1015 2109 1098 2134 rebus
1123 2106 1347 2138 carthaginien-

765 2143 836 2167 iium
855 2141 932 2168 effet.
952 2142 1055 2171 ltaque
1075 2138 1176 2165 inclusi
1187 2138 1222 2164 ad
1235 2142 1347 2169 tempus

764 2174 907 2199 moenibus
928 2172 1081 2205 Agrigenti
1098 2171 1157 2197 dux
1178 2170 1284 2195 Poenus
1294 2169 1346 2201 sy·

766 2203 975 2237 racusanusque
992 2220 1001 2231 .
1028 2209 1087 2229 non
1107 2201 1230 2229 confilio
1250 2200 1345 2226 Muti-

765 2236 812 2263 nis
820 2253 829 2268 ‚
846 2242 930 2268 quam
946 2235 1051 2262 fiducia
1062 2234 1149 2267 magis
1158 2249 1166 2261 ‚
1177 2232 1236 2259 ausi
1247 2232 1346 2264 egredi

765 2272 846 2294 extra
864 2274 961 2293 muros
978 2282 987 2294 ‚
1011 2266 1046 2293 ad
1067 2266 1213 2291 Himeram
1231 2269 1343 2289 amnem

761 2298 921 2332 posuerunt
930 2297 1029 2325 castra.
1047 2296 1134 2331 Qsod
1145 2297 1193 2322 ubi
1203 2294 1342 2325 perlatum

747 2332 796 2382 'ad
813 2330 983 2359 Marcellum
1001 2330 1042 2358 ost
1061 2344 1071 2360 ‚
1086 2326 1345 2389 extemploufggita?
