1414 2655
470 107 695 142 Linea
739 105 813 140 lx.

16 150 174 220 'amma‘
192 151 612 218 ‘minfflizitiffifi‘aiffi

17 234 21 252 ι
99 227 116 248 e
135 219 251 248 victoria
266 218 414 251 inciperet.
440 216 524 242 Prior
535 215 614 243 forte

41 226 143 287 fluuius
164 251 316 285 commovit
334 250 460 277 hostem,
479 248 552 274 laevo
562 249 612 274 de-

35 290 136 312 xtrum
155 289 266 313 cornu,
284 281 404 310 sacratos
414 286 495 317 inore
504 281 613 307 samni-

35 317 111 344 tium
120 315 234 345 milites,
244 319 336 347 eoque
342 312 464 350 eandida
471 311 543 339 veste
553 328 562 341 ‚
581 312 612 339 δε

35 348 150 382 paribus
166 346 290 375 candore
307 345 394 372 armis
411 345 465 370 inii
507 349 546 369 es.
562 349 612 370 eos

35 381 68 408 se
92 381 169 406 orco
193 377 313 413 mastare
336 375 442 409 Junius
458 351 612 414 ffiitans,

37 409 303 445 quumintuliffetu
323 415 378 438 na,
397 407 522 434 turbavit
532 407 611 434 ordi-

41 449 94 470 nes
110 458 120 472 ‚
137 443 168 470 &
184 441 261 469 haud
278 441 318 468 du
335 440 362 466 ie
379 439 495 472 impulit
512 439 610 466 aciem.

39 475 128 508 Quod
136 474 184 502 ubi
195 473 280 500 senfit
291 472 414 506 dicator
423 486 432 500 ‚
442 471 493 496 Ab
501 470 613 497 laevone

39 511 129 534 cornu
148 503 340 533 vicioriainci
357 503 395 537 get
404 503 552 540 (inq-uit:
573 499 611 534 ὠ·

45 538 177 567 dextrum
187 542 283 564 cornu.
293 535 338 561 dic
350 537 439 561 atorzs
447 541 529 564 acres,
539 533 611 561 alie-

39 574 110 596 nam
127 573 249 603 pugnam
277 570 391 599 equetus
402 582 410 595 ‚
426 572 484 600 ngm
502 570 610 599 partem

42 599 240 629 maximamvi
267 599 329 624 oriae
340 597 432 624 trahet
443 598 459 621 κ
475 599 611 626 concitat

40 632 154 660 milites.
171 639 223 659 nec
234 631 360 664 peditum
377 630 480 657 virtuti
489 632 610 661 equites,

38 669 92 691 aut
97 664 254 696 legatorum
263 662 353 690 studia
362 662 480 689 ducibus
490 663 608 689 cedunt.

39 695 226 723 M.valer1us
243 692 260 723 ὲ
276 696 378 722 dextro
390 709 399 723 ‚
421 693 452 718 Ρ.
463 695 568 721 Decius
577 694 611 719 ab
654 698 672 724 p

35 725 110 754 laevo
139 733 239 756 cornu,
257 726 339 752 ambo
358 724 520 752 consulares
539 742 547 755 ,
572 725 610 752 ad

33 758 146 792 equites
162 759 194 785 in
213 758 346 785 cornibus
365 757 473 790 positos
484 757 609 784 evehun-

36 793 86 817 tur
96 798 105 816 τ
121 790 322 822 adhortatique
331 795 379 816 eos
389 805 396 818 ,
407 795 442 815 ut
453 794 559 821 partem
568 789 610 816 se-

34 820 610 882 r‘ffi{ffiffigiiffifi‘ssfimssrffi‘tmfls‘ss‘

36 890 90 912 vus
106 885 221 912 additus
240 889 454 918 terror‚,quum
474 891 509 910 ex
529 890 608 915 parte

35 919 158 949 utraque
171 917 388 953 circumvafisset·
399 916 488 942 aciem
500 932 507 945 ,
524 916 553 943 Sc
571 917 608 943 ad

36 952 174 975 terrorem
192 949 314 975 hostium
333 949 460 982 leg1ones
472 949 608 974 Romanae

37 979 230 1014 redintegrato
248 981 369 1006 clamore
379 979 538 1006 intuliflent
546 986 610 1011 gra-

37 1011 127 1044 dum;
143 1017 203 1039 tum
223 1011 291 1045 fuga
299 1009 315 1037 a
323 1012 496 1038 samnitibus
504 1017 608 1044 coepta.

35 1043 101 1081 Jam
125 1043 212 1077 strage
235 1043 609 1079 hominum-armorumque

34 1074 188 1112 tqssguium
197 1076 286 1107 oempi
294 1082 324 1101 re
345 1075 450 1110 leugae
459 1075 553 1107 primo
563 1082 610 1108 pa-

35 1105 120 1133 vidos
137 1107 274 1134 samnites
290 1113 303 1133 c
346 1113 378 1133 ra
397 1108 445 1132 lua
454 1113 606 1138 accepere:

32 1137 140 1165 deinde
156 1144 192 1165 ne
210 1145 243 1166 ea
258 1139 373 1171 quidem
382 1144 503 1166 retenta.
519 1139 610 1171 captis

33 1169 206 1208 direptisque
231 1177 297 1198 ante
315 1171 426 1198 nostem
444 1170 566 1207 injectus
586 1171 609 1197 i-

28 1202 335 1272 manumittat}
356 1202 610 1272 {iiffifigifflgz

33 1269 183 1292 maximam
197 1265 317 1298 speciem
335 1271 446 1298 captiva
454 1272 531 1292 arma
542 1273 611 1297 prae-

32 1294 130 1324 hucte-
147 1300 259 1325 tantum
276 1298 496 1331 magnificentiae
517 1298 608 1325 visum

34 1326 68 1354 iu
87 1327 142 1358 iis,
158 1331 193 1356 ut
211 1335 311 1356 aurata
328 1329 409 1356 stuta
427 1329 552 1357 dominis
564 1336 609 1367 ar-

31 1360 551 1431 effligiffizigffiiffig‘fflffl
562 1362 609 1420 2³13:

31 1422 110 1451 dtur
117 1423 174 1450 fori
183 1425 306 1451 ornandi
316 1426 349 1451 ab
358 1425 488 1452 aedlllbus
498 1442 506 1455 ‚
518 1432 607 1456 quurn

32 1454 139 1482 thensae
155 1456 339 1483 ducerentur.
356 1457 396 1483 Et
410 1457 609 1487 Romaniqui-

32 1485 117 1515 dem,
137 1487 173 1513 ad
188 1488 326 1514 honorem
345 1485 438 1514 Deum
453 1488 609 1521 insignibus

30 1517 249 1546 armishossium
256 1520 298 1546 ufi
308 1519 374 1547 sunt
385 1528 392 1545 :
412 1521 563 1553 Campanis
573 1520 609 1546 ab

29 1547 164 1580 superbia
181 1549 288 1577 &odio
297 1551 464 1578 samnitium
475 1566 483 1580 ‚
502 1552 609 1584 gladia-

33 1584 130 1610 tores,
148 1581 160 1612 (
189 1582 247 1608 uod
259 1582 445 1615 spe-{taculum
453 1584 530 1609 inter
538 1589 611 1616 epu·

33 1611 77 1638 las
88 1616 175 1650 φρει,
213 1619 248 1639 eo
265 1620 369 1642 ornatu
376 1620 524 1641 armarunt
535 1631 543 1644 ‚
561 1616 608 1641 sa-

36 1647 227 1676 mnitiumque
243 1647 359 1672 nomine
382 1646 602 1678 compeUarunt.

33 1674 146 1702 Eodem
161 1681 240 1702 anno
258 1683 320 1704 curn
337 1678 454 1710 reliquis
471 1678 607 1705 Etrusco-

34 1711 99 1744 131m
107 1706 144 1734 ad
154 1707 294 1735 Perusiam
303 1724 312 1738 ,
334 1715 396 1741 quae
406 1709 506 1742 &ipsa
520 1710 607 1737 indu-

30 1742 137 1764 ciarum
148 1738 238 1771 ,fidem
246 1746 280 1766 ru
301 1746 370 1771 erat,
385 1741 489 1768 Fabius
498 1741 607 1768 Consul

32 1775 86 1796 nec
93 1769 178 1807 ‹iubia
188 1786 197 1800 ‚
218 1778 269 1809 nec
299 1772 388 1799 ifficili
397 1773 513 1800 vistoria
522 1773 607 1812 dimi-

30 1800 240 1861 Ξὲοἱρέἓςῗιῧξ
261 1803 607 1871 ““ἐὲἑῖηὲῧᾞῑῖἓὲἒ3ὲῗ

31 1864 134 1891 dentes
152 1866 251 1893 urbem
269 1866 396 1894 exiffint.
412 1867 545 1896 Praeudio
555 1869 605 1896 Pe-

29 1895 112 1922 ruflae
119 1897 254 1930 impolito
262 1913 271 1926 ‚
282 1898 471 1932 legationibus
481 1900 604 1927 Etruriae

29 1927 185 1955 amicitiam
201 1930 360 1965 petentibus
379 1937 434 1962 prae
442 1931 471 1958 se
481 1932 603 1958 Romam

30 1958 68 1986 ad
76 1958 204 1997 senatum
213 1961 298 1988 mistis
309 1976 317 1989 ‚
333 1963 443 1989 consul
452 1979 461 1992 ‚
473 1963 605 1996 praestan-

28 1989 105 2018 tiore
127 1996 212 2018 etiam
237 1999 322 2025 quam
341 1994 463 2021 distator
484 1995 605 2022 victoria

26 2021 206 2061 triumphans
229 2040 238 2054 ,
271 2025 368 2051 urbem
396 2026 435 2052 est
460 2026 598 2053 investus.

26 2054 108 2086 Quin
131 2060 217 2082 enam
240 2056 415 2083 devictorum
434 2059 602 2085 samnitium

10 2085 111 2118 idecus
128 2093 226 2118 maana
245 2094 281 2113 ex
310 2094 370 2115 arte
378 2089 413 2116 ad
422 2089 449 2115 le
469 2095 530 2116 atos
542 2107 549 2118 ‚
567 2090 600 2115 P.

26 2117 183 2153 nedum&
193 2120 237 2145 M.
250 2121 293 2146 Va
306 2120 407 2149 crium,
418 2129 434 2148 e
467 2121 577 2147 versum
592 2130 598 2147 :

29 2153 104 2182 quos
120 2151 245 2182 populus
264 2153 404 2183 proximis
422 2153 545 2180 comitiis
556 2154 601 2179 in-

10 2187 15 2208 ‚⁴
25 2180 109 2240 ἔξω
124 2181 265 2210 consensu
288 2183 442 2211 consulem
459 2184 580 2212 alterum
591 2200 600 2214 ,

10 2213 16 2228 a
69 2218 147 2240 eruin
177 2219 304 2241 raetorem
311 2216 476 2243 declaravit.

59 2245 130 2284 cap.
179 2245 240 2272 LI.
257 2247 346 2273 Fabio
362 2248 400 2273 ob
415 2248 526 2281 egregie
538 2254 600 2280 per-

25 2273 164 2304 domitam
182 2277 326 2304 Etruriam
336 2279 521 2306 continuatur
532 2286 599 2306 con-

14 2305 154 2336 sulatus:
170 2309 274 2336 Decius
281 2310 390 2344 collega
398 2311 494 2337 datur.
513 2311 600 2336 Vale-

13 2351 15 2361 ·
26 2338 200 2373 duvraetor
207 2347 342 2373 quartum
349 2347 469 2369 creatus.
488 2342 599 2368 consu-

10 2368 15 2388 ‘2
25 2368 67 2402 lu
74 2371 174 2408 parua
183 2373 353 2407 provincias.
370 2374 490 2405 Etruria
497 2374 599 2406 Decio·

661 150 804 177 samnium
826 148 916 177 Fabio
931 147 1038 176 evenit.
1055 148 1084 175 Is
1093 116 1240 182 profecti}

660 183 698 209 ad
716 182 873 209 Nuceriam
889 181 1092 212 Alfatemam3
1109 185 1172 207 tum
1188 189 1239 215 pa-

659 221 720 242 cem
738 219 886 247 petentes,
904 214 983 246 quod
991 213 1178 245 utieaquum
1189 214 1239 240 da-

660 251 741 273 retur
753 263 762 275 ,
780 246 943 276 noluissent,
952 245 1117 277 aspernatus
1127 260 1136 274 ‚
1145 252 1238 278 oppu-

698 278 776 305 ando
794 278 1014 305 addeditionem
1022 276 1143 310 subegit.
1161 279 1238 303 cum

670 310 830 337 'amnitibus
856 311 918 337 acie
936 309 1131 346 dimicatum-z
1158 308 1238 336 haud

659 347 762 375 magno
780 343 933 370 certamine
942 341 1035 368 hostes
1045 341 1122 367 visti.
1142 346 1238 373 neque

658 373 719 404 ejus
728 381 828 407 pugnae
839 373 976 400 memoria
984 372 1091 399 tradita
1100 372 1176 399 foret
1185 389 1194 402 ‚
1205 371 1239 399 ni

661 406 749 432 Marii
766 413 801 432 eo
834 407 935 432 timum
944 405 1042 436 praelio
1051 411 1114 430 cum
1129 404 1238 430 Roma-

657 437 704 464 nis
722 437 796 465 bella
818 442 879 463 ent.
897 437 992 463 secuti
1012 436 1175 463 Marsorum
1187 435 1238 462 de-

658 468 811 496 festionem
832 469 945 501 Peligni
964 485 973 498 ‚
1001 468 1120 495 eandem
1139 467 1242 494 fortu-

657 507 724 527 nam
742 501 916 528 habuerunt.
939 500 1030 526 Decio
1041 505 1158 532 quoque
1168 500 1241 526 alte-

659 532 683 558 ri
701 533 815 561 consuli
822 533 947 560 secunda
957 531 1023 560 belli
1034 531 1154 559 fortuna
1164 535 1240 558 erat.

659 565 898 596 Tarquiniensem
917 569 996 590 metu
1013 563 1160 597 subegerat
1175 561 1239 590 fm-

658 602 787 624 mentum
797 596 937 626 exercitui
946 595 1067 628 praebere
1076 611 1085 624 ,
1094 600 1181 628 atque
1193 595 1241 621 in-

655 628 753 655 ducias
773 629 803 656 in
824 629 1013 662 quadi-aointa
1021 633 1112 654 annos
1122 632 1218 659 petere
1228 635 1238 654 ε

656 660 881 697 ἲζοῌίῑιίεῃίῑιιπι
898 648 1016 696 (auena,
1030 659 1143 691 aliquot
1157 659 1184 686 vi
1194 665 1241 684 ce-

674 696 716 718 tt:
755 693 863 719 uaedam
881 699 917 718 ex
937 693 970 718 iis
988 692 1098 720 diruit,
1118 697 1155 716 ne
1164 696 1244 717 rece-

660 728 745 755 ptacu
759 732 777 750 o
796 724 921 750 hostibus
942 723 1029 750 eflcnt
1049 731 1057 748 :
1087 722 1241 749 circumfe-

656 756 806 788 rendoque
825 756 920 789 paflim
933 756 1010 781 bello
1021 771 1030 784 ,
1052 760 1167 781 tantum
1179 759 1239 780 ter*

655 793 748 814 rorem
766 788 810 815 sui
831 788 904 814 fecit
914 803 922 815 ‚
939 793 974 814 ut
984 792 1090 812 nomen
1100 792 1186 812 omne
1196 786 1235 811 E-

654 818 781 845 truscum
800 819 897 846 foedus
914 820 948 845 ab
968 817 1095 844 Consule
1115 822 1239 849 peteret.

658 853 701 876 Ac
719 851 755 877 de
772 858 807 877 eo
824 852 940 883 quidem
950 850 1026 876 nihil
1037 851 1234 881 impetratum.

653 882 776 909 induciae
800 889 904 909 annuae
929 883 1004 909 datae
1027 890 1035 907 .·
1062 881 1237 914 stipendium

653 915 792 941 exercitui
819 916 952 940 Romano
969 915 1003 940 ab
1023 914 1103 940 hoste
1119 914 1151 939 in
1170 919 1236 939 eum

652 953 763 973 annum
783 947 921 979 pensum,
935 945 966 972 &
986 945 1060 971 binae
1079 945 1182 972 tunica:
1204 945 1238 971 in

653 978 774 1005 militem
783 978 894 1005 exactae.
906 985 938 1003 ea
945 984 1048 1004 merces
1055 976 1240 1004 induciarum

653 1009 724 1036 fuir.
757 1009 944 1042 Tranquillas
968 1015 1011 1035 res
1029 1009 1086 1038 jam
1105 1008 1238 1036 Etruscis

654 1043 780 1070 turbavit
799 1042 950 1074 repentina
969 1039 1093 1068 defectio
1112 1041 1237 1067 Umbro-

654 1080 719 1100 rum
731 1081 740 1107 3
759 1075 851 1108 gentis
864 1074 981 1108 integrae
993 1072 1009 1100 a
1018 1072 1145 1109 cladibus
1154 1072 1236 1102 belli,

656 1105 712 1131 nifi
739 1107 820 1137 quod
840 1105 993 1133 transitum
1010 1108 1152 1140 exercitus
1168 1110 1236 1138 ager

652 1136 778 1164 senserat
789 1147 799 1164 :
816 1138 838 1165 ii
856 1138 999 1164 concitata
1009 1136 1090 1162 omni
1098 1141 1238 1172 Juyentu-

655 1174 683 1195 te
703 1168 752 1196 sua
763 1186 771 1198 ‚
789 1170 819 1196 &
838 1175 936 1203 magua
953 1172 1032 1202 parte
1045 1168 1235 1195 Etruicorum

651 1201 688 1227 ad
711 1202 899 1228 rebellionem
925 1198 1068 1232 compulsa
1084 1216 1093 1228 ‚
1120 1204 1236 1227 tanturn

652 1234 810 1260 exercitum
820 1233 948 1260 fecerant
957 1249 966 1262 ‚
980 1237 1015 1258 ut
1025 1231 1126 1258 relicto
1135 1232 1196 1264 post
1207 1230 1237 1258 se

652 1264 683 1289 in
707 1265 828 1292 Etrurio
838 1265 928 1291 Decio
938 1280 948 1294 ‚
965 1264 1002 1290 ad
1013 1263 1235 1299 oppugnandam

654 1296 723 1323 inde
736 1299 859 1323 Romam
869 1298 963 1323 ituros
972 1312 980 1325 ‚
990 1296 1139 1328 magnifice
1149 1295 1185 1321 de
1194 1294 1236 1325 se,

653 1334 685 1354 ac
705 1328 891 1360 contemptim
911 1328 948 1354 de
957 1327 1101 1354 Romanis
1110 1327 1236 1359 loquen-

653 1363 712 1388 tes,
729 1360 879 1391 jastarent.
898 1360 986 1392 Quod
1002 1358 1164 1389 incoeptum
1183 1365 1235 1385 eo-

652 1398 715 1418 rum
733 1392 785 1419 ubi
801 1392 837 1418 ad
849 1392 969 1418 Decium
979 1390 1135 1417 Consulem
1144 1391 1238 1422 perla-

654 1428 715 1449 tum
725 1424 765 1450 est
777 1439 786 1453 ‚
797 1423 834 1450 ad
842 1424 944 1450 urbem
952 1429 988 1449 ex
998 1423 1118 1449 Etruria
1127 1422 1238 1455 magnis

650 1455 806 1482 itineribus
825 1455 936 1489 pergit:
953 1455 984 1483 δε
1006 1454 1037 1480 in
1057 1459 1127 1488 agro
1147 1454 1236 1487 Pupi-

652 1487 743 1512 niensi
767 1488 804 1514 ad
829 1488 933 1514 famam
958 1487 1089 1513 intentus
1106 1486 1235 1513 hostium

652 1519 793 1546 consedit.
834 1520 896 1546 Nec
922 1520 1021 1545 Romae
1047 1518 1236 1551 spernebatur

654 1550 830 1577 Umbrorum
857 1550 961 1576 bellum
979 1560 985 1576 :
1014 1549 1045 1576 St
1063 1549 1130 1582 ipsae
1149 1550 1236 1576 minae

653 1587 761 1608 metum
781 1583 907 1609 fecerant
920 1599 929 1613 ,
941 1582 1066 1616 expertis
1083 1581 1100 1608 a
1121 1581 1237 1609 Gallica

652 1614 732 1640 clade
758 1620 844 1647 quam
862 1615 988 1641 intutam
1006 1614 1105 1639 urbem
1125 1614 1234 1640 incole-

653 1650 727 1671 rent.
747 1646 850 1679 Itaque
869 1646 956 1678 legati
978 1645 1014 1671 ad
1026 1645 1146 1671 Fabium
1155 1644 1231 1672 mifli

652 1676 741 1703 sunt:
761 1684 815 1707 ut,
836 1678 859 1704 sl
878 1678 950 1710 quid
960 1675 1142 1703 laxamentia
1154 1676 1236 1705 bello

652 1709 822 1735 Samnitium
832 1710 897 1737 effer
909 1726 916 1739 ‚
926 1709 957 1735 in
968 1708 1117 1734 Umbriam
1128 1714 1233 1740 prope·

650 1747 680 1766 re
699 1742 857 1768 exercitum
876 1742 1004 1768 duceret.
1031 1740 1118 1766 msto
1137 1741 1234 1772 paruit

651 1772 771 1809 Consul,
783 1781 809 1799 m
845 1773 945 1805 nisque
954 1773 1111 1799 itineribus
1120 1771 1157 1798 acl
1169 1773 1235 1799 Me·

650 1810 762 1831 vaniam
774 1821 783 1834 ‚
801 1813 820 1832 u
841 1806 850 1831 i
868 1810 931 1831 tum
947 1805 1034 1837 copiae
1054 1804 1233 1830 Umbrorum

649 1841 733 1862 erant
749 1852 757 1864 ‚
785 1837 923 1869 perrexit.
952 1838 1066 1868 Repens
1092 1835 1236 1864 adventus

650 1866 777 1894 consulis
797 1884 805 1897 ,
837 1875 919 1901 quem
936 1868 1039 1900 procul
1057 1867 1180 1893 Umbria
1198 1868 1233 1895 in

651 1900 766 1926 samnio
785 1899 861 1926 bello
878 1901 940 1926 alio
957 1905 1128 1932 occupatum
1138 1900 1232 1926 credi·

650 1930 753 1958 derant
773 1947 782 1960 ,
811 1933 851 1959 ita
869 1932 1012 1958 exterruit
1034 1931 1180 1959 Umbros,
1197 1936 1235 1960 ut

647 1962 699 1988 alii
720 1964 909 1990 recedendum
927 1964 965 1990 ad
982 1964 1066 1989 urbes
1083 1963 1234 1993 munitas,

648 1994 765 2025 quidam
792 1995 987 2021 omittendum
1013 1995 1119 2020 bellum
1138 1994 1235 2021 cense-

650 2030 726 2052 rent.
745 2026 827 2059 Plaga
837 2033 895 2053 una
911 2026 1105 2059 (Materinam
1115 2026 1167 2059 ipii
1178 2032 1230 2059 ap-

650 2057 778 2089 pellant)
795 2065 855 2084 non
874 2058 1022 2084 continuit
1040 2058 1128 2089 modo
1149 2063 1232 2084 carte-

647 2095 695 2115 ros
714 2090 746 2115 in
755 2091 839 2116 armis
853 2106 861 2119 ,
877 2090 923 2117 sed
934 2089 1084 2115 confestim
1092 2089 1128 2115 ad
1139 2094 1232 2116 certa-

649 2126 714 2146 men
732 2122 800 2154 egit.
827 2121 916 2149 castra
935 2121 1087 2148 vallantem
1106 2121 1229 2149 Fabium

647 2152 743 2189 adorti
765 2152 844 2180 sunt.
863 2155 944 2188 Qos
961 2153 1010 2179 ubi
1031 2151 1135 2179 effusos
1144 2158 1231 2180 ruere

649 2189 680 2209 in
698 2185 877 2211 munimenta
894 2184 995 2212 consul
1006 2185 1079 2211 vidit
1090 2200 1099 2213 ,
1115 2190 1231 2211 revoca-

647 2220 693 2241 tos
701 2216 807 2243 milites
815 2217 848 2243 ab
857 2223 942 2249 opere
952 2232 960 2245 ‚
980 2221 1068 2248 prout
1077 2215 1134 2242 loci
1145 2221 1232 2243 natu·

647 2253 679 2273 ra
691 2248 859 2281 tempusque
868 2248 1030 2280 patiebatur
1041 2263 1049 2276 2
1068 2248 1109 2274 ita
1120 2248 1228 2275 instru-

646 2279 709 2304 xlt:
727 2279 952 2312 cohortatusque
971 2279 1174 2311 praedicatione
1182 2286 1231 2306 ve·

647 2316 680 2336 ra
698 2317 754 2342 qua
772 2311 805 2338 in
816 2311 918 2338 Tuscis
928 2310 1023 2343 quain
1037 2312 1150 2338 samnio
1161 2317 1228 2345 par·

646 2347 746 2370 torum
763 2343 915 2371 decorum,
934 2350 950 2369 e
974 2343 980 2350 ¹
1002 2348 1067 2369 uam
1085 2343 1227 2374 appendi.

645 2379 706 2404 cem
723 2375 838 2409 Etrusci
847 2375 916 2404 belli
926 2349 1228 2439 coxifficorejulvetmefs
