1414 2655
148 109 223 156 ‘48
592 92 933 139 ⁴1'.Lt=rtt¹

145 155 251 183 mirsia.
267 152 440 182 athletarum
459 155 577 186 quoque
584 155 730 178 certamen

152 193 219 215 tum
228 187 323 219 prImo
335 183 474 211 Romanis
483 184 641 215 spectaculo
650 182 710 210 fuit
724 191 730 208 :

150 219 183 248 ὃ(
195 219 311 246 venatio
332 218 400 244 data
416 216 534 242 leonum
544 215 574 242 St
601 215 735 242 anthera-

153 258 239 279 rum:
262 251 291 278 sc
311 255 401 282 prope
421 246 579 278 hujussecu
595 247 734 278 icopiaac

154 285 294 310 varietate
319 281 466 307 ludicrum
490 279 664 313 celebratum
680 279 730 305 est.

156 314 338 343 Novendiale
355 312 463 339 deinde
485 312 595 337 lacrum
617 311 735 338 tenuit,

154 347 237 380 quod
256 347 285 372 in
305 345 412 372 Piceno
429 349 479 375 per
488 342 733 375 triduumlapidi-

154 380 208 406 bus
225 379 358 417 pluerat,
376 373 513 411 ignesque
523 375 649 402 coelestes
658 375 732 401 mul-

144 411 282 439 -tifariam
301 409 362 435 orti
385 405 512 434 adussrffe
538 407 732 439 complurium

148 443 207 471 levi
225 441 324 468 affiatu
342 440 509 466 vestimenta
527 439 650 465 maxime
658 439 734 464 dice-

153 476 271 502 bantur.
291 471 401 499 Addita
421 471 451 498 8t
470 477 562 498 unum
578 471 654 497 diem
664 469 733 500 sup-

151 506 274 540 plioetio
292 505 331 530 est
349 509 386 530 ex
411 503 528 529 decreto
547 502 731 534 pontificum,

153 539 237 572 quod
255 537 328 563 ades
347 535 418 569 Opis
430 535 460 560 in
472 535 620 568 capitolio
630 534 666 560 de
675 538 733 560 coe-

148 571 185 598 lo
205 568 279 596 tacta
298 572 371 594 erat.
389 567 488 593 hostiis
499 566 655 597 majoribus
663 571 733 592 con-

151 601 228 629 sules
246 603 442 632 procurarunt
462 599 618 630 urbemque
634 597 735 624 lustra-

150 638 269 661 verunt.
286 631 342 657 sub
361 631 436 657 idem
456 636 567 661 tempus
578 630 606 656 Sc
618 635 654 655 ex
665 630 735 654 Um-

152 666 217 693 bria
229 664 397 692 nunciatum
408 661 447 688 est
461 679 468 691 ‚
478 661 651 689 semimarem
662 661 735 687 duo-

151 698 249 726 decim
259 696 348 722 ferme
357 700 449 720 annos
460 700 559 721 natum
572 693 732 720 inventum.

155 730 190 756 id
211 728 377 762 prodigium
407 725 622 754 abominantes,
643 725 735 752 arceri

160 763 296 789 Romano
322 764 392 790 agro
419 759 571 790 necarique
592 757 737 788 quampri-

155 789 735 861 gissalil‘iffiiiasssssiiiffl‘zie‘ssrssll

155 858 218 884 ime
229 855 418 889 populatione
426 859 476 880 aut
488 853 574 881 bello,
584 852 660 878 haud
672 859 736 884 prc-

155 889 208 916 cul
216 888 285 914 inde
295 902 304 914 ,
314 886 365 911 ubi
376 892 453 911 nunc
467 885 602 917 Aquileia
612 883 651 910 est
662 901 670 913 ,
691 884 736 909 lo-

153 927 223 947 cum
235 918 344 950 oppido
352 917 504 955 condendo
515 922 663 948 ceperunt.
681 916 736 941 Le-

158 953 233 985 gatis
244 953 384 978 Romanis
394 965 402 976 .
422 950 458 976 de
477 955 509 974 ea
520 956 550 974 rc
562 954 640 974 trans
650 950 736 978 Alpes

159 983 264 1011 millis,
274 980 439 1018 responsum
450 981 489 1006 est
500 997 508 1008 ,
528 982 629 1012 Neque
638 979 737 1011 profe-

155 1017 219 1042 etos
236 1020 273 1040 ex
292 1013 464 1040 austeritate
484 1013 582 1048 gentis
598 1019 663 1037 eos:
685 1018 738 1038 nec

156 1047 231 1079 quid
250 1047 281 1073 in
304 1046 389 1072 ltalia
399 1045 545 1073 facerent,
564 1043 680 1070 iescire.
698 1045 736 1069 L.

153 1078 254 1110 scipio
264 1077 350 1104 ludos
368 1083 403 1102 eo
412 1082 539 1112 tempore
550 1091 559 1104 ,
580 1082 651 1108 quos
662 1075 740 1101 bello

160 1109 305 1139 Antiochi
328 1109 429 1136 vovlfle
454 1107 511 1134 sese
537 1108 670 1135 diceba,
700 1113 736 1133 ex

157 1143 266 1171 collata
285 1141 321 1167 nd
342 1141 372 1166 id
394 1142 513 1172 pecunia
532 1139 567 1165 ab
577 1140 691 1172 regibus
700 1140 738 1165 ci-

160 1171 375 1204 vitatibusque,
396 1179 443 1206 per
462 1173 523 1198 dies
539 1173 635 1198 decem
656 1170 736 1197 fecit.

159 1207 301 1237 Legatum
322 1211 388 1231 eum
405 1204 465 1236 post
485 1203 737 1230 damnationem&

158 1239 236 1264 bona
247 1237 365 1263 vendita
377 1252 385 1264 ‚
405 1235 515 1262 missum
526 1235 554 1260 in
568 1235 660 1261 Asiam
671 1250 679 1263 ‚
701 1236 737 1261 ad

155 1269 320 1297 dirimenda
339 1269 418 1294 inter
436 1266 612 1293 Antiochum
630 1266 659 1293 Sc
682 1267 740 1292 Eu-

159 1308 272 1328 menem
300 1306 379 1333 reges
397 1299 554 1326 certamina
569 1313 577 1326 ‚
609 1299 742 1325 Valerius

162 1334 270 1360 Antias
279 1332 319 1358 est
331 1332 442 1358 aanor.
459 1337 520 1357 turn
532 1331 650 1356 collatas
658 1331 742 1365 eipe-

154 1365 279 1394 eunias,
300 1363 545 1396 congregatosque
569 1369 619 1392 per
646 1364 741 1388 Axiam

156 1397 305 1424 artifices:
333 1396 362 1423 St
382 1401 506 1427 quorum
522 1394 659 1420 ludorum
680 1395 740 1426 post

165 1429 272 1456 bellum
283 1444 291 1456 ‚
305 1428 335 1454 in
345 1434 405 1458 quo
416 1432 498 1453 votos
513 1427 623 1452 diceret
633 1444 641 1454 ,
661 1432 741 1451 men-

161 1461 273 1488 tionem
283 1465 343 1484 non
364 1459 487 1487 fecisset.
504 1459 541 1484 de
551 1459 587 1484 iis
596 1458 655 1487 post
666 1458 742 1490 iega-

159 1493 277 1520 tionem
285 1491 399 1517 demum
410 1491 440 1516 in
450 1489 551 1516 senatu
561 1489 665 1516 adium.

199 1525 270 1555 cap,
288 1524 314 1547 x
326 1523 373 1548 ΧΙ
387 1523 400 1548 1
413 1523 436 1548 Ι.
454 1523 553 1556 Qum
572 1521 628 1558 jam
641 1523 670 1547 in
681 1519 753 1547 exi*

160 1560 198 1583 tu
215 1561 310 1582 annus
324 1554 410 1583 esset,
439 1554 477 1586 Q
499 1555 628 1579 Marcius
644 1553 745 1579 absens

160 1587 329 1620 magistratu
345 1586 477 1612 abiturus
495 1590 566 1612 erat.
577 1587 633 1620 ¹sp.
645 1585 747 1611 Postu-

164 1619 242 1646 mius
259 1617 464 1651 quaestionibus
481 1624 546 1643 cum
566 1617 673 1642 lumma
684 1617 742 1643 fide

161 1657 290 1682 curaque
315 1650 465 1682 perfectis.
486 1648 606 1675 comitia
631 1649 742 1674 habuit.

162 1683 253 1710 creati
278 1680 346 1709 sunt
366 1681 499 1708 consules
526 1682 582 1710 Ap.
603 1681 745 1706 Claudius

166 1715 301 1742 Pulcher.
319 1715 362 1740 M.
373 1712 557 1744 sempronius
569 1713 747 1738 Tuditanus,

165 1747 285 1773 Postero
303 1746 351 1779 die
360 1750 495 1776 praetores
510 1743 579 1770 faeti
592 1744 623 1769 1‘.
636 1745 745 1769 Corne·

163 1779 223 1806 lius
241 1778 405 1808 Cethegus,
429 1778 466 1803 A.
479 1776 640 1802 Postumius
661 1775 745 1801 Albi-

165 1817 222 1837 nus
231 1827 241 1837 .
251 1811 286 1837 C.
302 1809 443 1836 Afranius
453 1808 556 1834 Stellio
567 1822 575 1836 l
588 1809 621 1833 C.
633 1808 744 1834 Atilius

170 1843 310 1869 serranus
320 1857 329 1870 ‚
339 1842 375 1868 L.
385 1840 548 1866 Postumius
557 1838 745 1871 Tempsanus,

166 1873 368 1901 M.Claudius
388 1872 586 1898 Marcellinus.
605 1872 745 1897 Extremo

166 1906 259 1935 anni,
277 1906 346 1937 quia
362 1905 409 1936 sp.
422 1904 583 1930 Postumius
592 1903 691 1930 consul
703 1909 746 1928 re·

165 1938 354 1964 nunciaverat
363 1952 371 1965 ‚
384 1941 581 1968 peragrantem
591 1934 618 1960 st
631 1940 748 1967 propter

189 1969 340 1996 uaeltiones
362 1973 519 1998 utrumque
539 1967 624 1993 littus
643 1967 746 1995 Italiae,

165 1975 293 2031 aesertas
302 2000 434 2026 colonias
442 2013 451 2025 ,
472 2000 623 2030 Sipontum
633 1997 747 2027 supero,

164 2034 335 2060 Buxentum
361 2030 459 2057 infero
486 2031 557 2056 mari
568 2046 575 2058 .
600 2028 748 2056 invenisse.

166 2063 316 2091 triumviri
333 2063 369 2089 ad
387 2063 507 2088 colonos
527 2068 562 2086 eo
580 2060 749 2088 scribendos

168 2099 207 2122 ex
232 2093 490 2121 senatusconsulto
515 2093 551 2118 ab
576 2094 614 2118 T.
638 2093 749 2118 Maenio

165 2132 293 2158 praetore
300 2126 413 2152 urbano
422 2124 511 2152 creati
521 2123 587 2151 sunt
599 2140 607 2152 ‚
627 2125 664 2150 L.
676 2125 750 2150 scri-

165 2159 274 2186 bonius
284 2158 374 2186 Libo.
400 2156 597 2184 M.Tuccius.
617 2157 674 2182 cn.
687 2157 748 2182 Bae.

165 2192 232 2218 hius
249 2189 428 2220 Tamphilus.
446 2190 521 2215 cum
533 2186 635 2214 Perseo
645 2188 746 2217 rene&

167 2222 378 2249 Macedonibus
395 2221 501 2247 bellum
518 2220 598 2252 quod
619 2220 749 2246 immine-

169 2255 239 2284 bat,
257 2260 319 2280 non
339 2253 418 2279 unde
446 2252 556 2283 lerlque
567 2251 746 2282 opinantur.

167 2293 222 2313 nec
240 2286 275 2311 ab
293 2285 356 2317 ipso
369 2285 406 2322 Pe
437 2291 472 2310 eo
482 2283 586 2310 causs'as
594 2283 681 2314 cepit.
701 2283 749 2309 in-

165 2319 271 2353 choata
292 2315 377 2343 initia
395 2323 410 2342 a
432 2316 529 2346 Philip
549 2314 661 2342 osunt:
681 2313 711 2341 Sc
724 2315 748 2340 is

167 2350 228 2379 iple
241 2364 249 2376 ‚
269 2349 292 2374 ii
310 2347 422 2375 diutIus
442 2348 499 2374 vixi
523 2352 570 2377 et,
586 2347 617 2373 id
637 2346 744 2373 bellum

158 2379 301 2414 -geliili'en
317 2380 385 2409 Una
402 2386 468 2410 eum
486 2386 531 2410 res
541 2395 550 2411 l
567 2385 659 2413 quum
669 2379 745 2408 vieto

785 151 862 183 leges
881 150 1104 183 imponerentur
1113 165 1123 178 .
1132 150 1256 177 maxime
1281 156 1370 186 anpe-

785 183 853 214 bat;
875 184 955 215 quod
972 181 1226 214 qulMacedonum
1234 185 1270 210 ab
1279 183 1308 210 sc
1318 177 1366 212 de-

784 214 913 242 fecerant
923 215 955 241 in
965 214 1042 240 bello
1053 231 1061 242 .
1074 214 1105 240 in
1116 220 1166 241 eos
1173 214 1220 245 jus
1229 214 1363 244 saeviendi

785 247 948 280 ademptum
966 245 992 272 ei
1003 244 1147 272 absenam
1157 252 1236 274 erat:
1259 254 1360 280 quum,

782 280 853 310 quia
873 285 931 304 rern
949 279 1089 308 integram
1099 277 1242 310 Quintius
1250 279 1282 306 ln
1291 287 1364 306 cun-

782 311 946 337 ditionibus
961 310 1036 342 pacis
1052 309 1219 339 distulerat,
1238 317 1299 338 non
1308 312 1362 339 de.

779 341 909 375 speraffet
929 342 1076 374 impetrari
1096 341 1181 372 ροσε.
1208 343 1361 370 Antiocho

782 381 848 406 rege
865 373 972 406 deinde
985 373 1060 399 bello
1079 373 1212 404 superato
1221 375 1258 400 ad
1266 375 1360 401 'rher-

783 407 926 438 mopylas.
945 405 1046 432 divilis
1054 405 1297 438 partibus‚quum
1308 412 1360 438 pet

778 437 891 464 eosdem
899 437 959 464 dies
967 434 1360 467 consulAciliusl-Ieracleam‚

782 469 932 502 Philippus
939 469 1068 505 Lam-iam
1077 469 1359 503 oppugnasset3capta

780 502 997 532 Heracle2,quia
1008 500 1095 530 ruilus
1103 499 1274 528 ahlcederea
1285 508 1361 527 moe·

780 533 865 570 nibus
876 533 983 559 Lamixe
1000 537 1062 558 erat
1072 548 1080 561 ‚
1102 532 1298 565 Romanisque
1307 539 1361 566 op-

801 566 882 592 idum
891 565 1022 598 deditum
1032 563 1082 592 est,
1091 571 1163 597 :egre
1170 571 1230 590 eam
1243 572 1301 591 rem
1312 570 1359 592 tu-

793 603 864 624 erat.
892 596 1040 629 permulht
1067 595 1139 622 iram
1164 603 1180 622 e
1195 603 1227 622 us
1253 595 1356 625 consul

783 629 862 660 quod
880 630 916 655 ad
937 626 1116 663 Naupactum
1136 628 1167 660 ip
1181 635 1196 654 e
1208 628 1354 660 festinans,

801 668 840 686 uo
859 661 885 686 se
904 665 938 686 ex
959 660 1027 692 fuga
1044 659 1141 686 Aaron
1158 661 1357 690 contulerant.

806 691 1054 751 hiuppotfermfflt
1066 707 1073 718 ‚
1095 697 1129 717 ut
1141 692 1318 718 Athamaniae
1327 693 1358 720 δε

785 726 916 756 Ainynan
941 731 974 749 ro
982 723 1089 749 bellum
1099 723 1222 750 infierret
1235 733 1240 749 :
1266 723 1295 750 &
1306 731 1357 750 ur-

780 756 827 782 bes
837 774 844 783 .
856 763 927 788 quas
935 755 1074 781 Theflalis
1081 753 1175 781 AEtoli
1184 755 1358 786 ademerant,

782 793 871 820 regno
889 788 1039 818 adjiceret.
1059 787 1143 814 Haud
1154 793 1256 819 magno
1266 792 1362 814 certa·

782 821 859 845 mine
887 820 916 847 8<
943 819 1161 851 Amynandrum
1182 819 1357 846 Athamania

781 851 948 883 expulerat,
970 850 999 878 8<
1018 851 1103 876 urbes
1122 851 1233 881 aliquot
1245 856 1358 883 recepe·

782 890 837 910 rat.
857 882 1068 909 Demetriadem
1077 887 1195 914 quoque
1204 883 1302 908 urbem
1315 889 1361 908 va-

783 916 870 942 lidam
882 932 889 942 .
901 915 930 941 ὃ(
944 915 979 941 ad
990 913 1087 940 omnia
1095 918 1287 945 opportunam
1299 931 1307 942 ‚
1324 914 1355 942 8:

784 948 952 979 Magnetum
961 951 1072 978 gentem
1082 943 1137 971 suae
1145 944 1268 972 ditionls
1277 946 1360 972 fecit.

784 979 852 1006 inde
876 979 904 1005 8(
928 979 959 1004 in
980 976 1104 1003 Thracia
1120 976 1254 1008 quasdam
1275 978 1362 1005 urbes

784 1017 863 1046 novae
883 1015 968 1041 atque
987 1009 1260 1036 insuetaelibertatis
1271 1009 1355 1037 vitio.

780 1042 972 1069 leditionibus
979 1041 1140 1074 principum
1152 1041 1289 1069 turbatas,
1301 1047 1363 1072 par-

781 1076 860 1101 tibus
878 1080 941 1105 quae
959 1073 1112 1100 domestico
1129 1073 1283 1099 certamine
1293 1073 1356 1099 vin·

784 1111 918 1134 cerentur
931 1104 1131 1136 ‚adjungendo
1140 1103 1168 1129 se
1180 1120 1187 1132 ,
1197 1104 1283 1136 cepit.

817 1140 889 1170 Cap.
907 1139 932 1162 X
942 1139 967 1162 X
980 1139 993 1162 1
1006 1137 1042 1161 V.
1061 1137 1114 1162 His·
1133 1136 1228 1162 ledata
1244 1136 1276 1162 in
1289 1141 1360 1166 prae-

782 1171 876 1197 sentia
886 1169 1007 1200 regisira
1017 1169 1046 1194 in
1061 1169 1205 1193 Romanos
1215 1167 1263 1194 est.
1275 1173 1361 1194 nurn-

785 1208 870 1233 quam
888 1206 983 1227 tamen
1003 1199 1112 1225 rennuit
1128 1200 1256 1226 animum
1275 1199 1289 1225 a
1301 1198 1364 1225 col-

784 1233 908 1265 ligendis
936 1233 967 1258 in
1001 1237 1067 1263 pace
1086 1231 1213 1259 viribus,
1234 1231 1362 1263 quibus.

786 1266 1026 1297 quandocumque
1042 1264 1109 1290 data
1138 1263 1256 1289 fortuna
1275 1262 1342 1288 esset
1354 1276 1364 1290 2

786 1299 821 1323 ad
844 1297 951 1323 bellum
970 1300 1113 1322 uteretur.
1140 1295 1301 1326 vectigalia
1320 1299 1365 1320 re-

786 1329 835 1361 gni
848 1345 856 1357 ,
880 1335 939 1354 non
951 1327 1092 1354 fructibus
1102 1332 1215 1353 tantum
1225 1331 1363 1357 agrorum

784 1360 982 1394 portoriisque
1006 1359 1159 1385 maritimis
1191 1359 1293 1384 auxit:
1315 1357 1365 1384 sed

787 1392 900 1418 metalla
909 1393 994 1418 ctiam
1012 1390 1042 1418 8<
1051 1397 1145 1416 vetera
1155 1389 1310 1416 intermissa
1321 1395 1366 1414 rc-

786 1424 899 1452 coluit,
915 1423 944 1450 8(
954 1429 1027 1448 nova
1038 1423 1136 1449 multis
1145 1423 1216 1448 locis
1226 1421 1365 1447 instituit.

786 1462 820 1482 ut
833 1461 899 1482 vero
916 1456 1063 1486 antiquam
1083 1454 1299 1480 multitudinem
1311 1453 1366 1487 hq-

790 1488 921 1516 minum‚
945 1492 1006 1518 quae
1023 1486 1091 1512 belli
1116 1486 1245 1512 cladibus
1268 1483 1365 1511 amisia

789 1525 861 1548 erat,
883 1519 1064 1547 restitueretz
1086 1525 1144 1543 non
1165 1517 1290 1543 sobolem
1301 1521 1367 1542 tan·

791 1558 854 1578 tum
873 1552 967 1580 stirpis
986 1550 1109 1581 parabat,
1122 1549 1258 1582 cogendis
1267 1548 1364 1574 omni-

791 1584 843 1609 bus
853 1589 1001 1614 procreare
1010 1587 1097 1613 atque
1105 1582 1226 1608 educare
1236 1580 1360 1606 liberos:

789 1615 838 1640 sed
858 1616 1002 1641 Thracum
1017 1615 1103 1640 etiam
1120 1619 1248 1647 magnam
1267 1611 1371 1638 multi-

791 1647 923 1674 tudinem
936 1647 968 1673 in
980 1645 1176 1678 Macedoniam
1187 1645 1368 1670 traduxerat:

791 1677 964 1710 quietusque
980 1678 1158 1708 aliquamdiu
1167 1682 1182 1703 a
1194 1676 1275 1702 bellis
1283 1675 1368 1701 omni

792 1718 858 1737 cura
869 1711 900 1736 in
918 1710 1063 1741 :timendas
1070 1710 1150 1740 regni
1159 1714 1228 1741 opes
1237 1708 1370 1734 intentus

791 1743 896 1769 fuerat.
917 1743 1039 1768 Rediere
1059 1741 1163 1767 deinde
1173 1739 1268 1766 cauffae
1279 1755 1287 1768 ‚
1304 1745 1369 1771 quae

790 1775 827 1801 de
846 1775 961 1804 integro
979 1774 1050 1799 iram
1062 1777 1207 1799 moverent
1219 1772 1251 1798 in
1263 1772 1371 1797 Roma-

793 1812 857 1832 nos.
893 1804 1092 1832 Thessalorum
1117 1804 1146 1831 St
1174 1803 1367 1830 Perta-borum

793 1838 916 1869 querelae
934 1837 970 1864 <le
989 1836 1106 1863 urbibus
1115 1835 1172 1862 suis
1183 1836 1218 1861 ab
1225 1842 1259 1861 eo
1271 1834 1371 1866 poss‘es-

794 1871 831 1898 fis
841 1886 848 1897 .
870 1869 900 1896 ec
918 1870 1079 1900 legatorum
1091 1868 1228 1894 Eumenis
1243 1867 1317 1898 regis
1332 1866 1370 1892 de

797 1901 931 1927 Thraciis
951 1900 1067 1932 oppidis
1075 1906 1125 1930 pcr
1137 1899 1194 1925 vim
1205 1898 1350 1930 occupatis
1360 1913 1372 1926 v

795 1933 983 1964 traductaque
1003 1932 1033 1957 in
1054 1931 1250 1958 Macedoniam
1269 1930 1373 1957 multi-

796 1964 910 1992 tudine,
922 1965 962 1990 ita
972 1963 1076 1990 auditae
1086 1968 1168 1989 erant
1179 1979 1187 1990 2
1208 1965 1242 1988 ut
1254 1967 1299 1988 eas
1307 1967 1370 1988 non

796 1996 907 2028 negligi
916 1995 984 2022 satis
993 2000 1153 2028 appareret.
1174 1994 1299 2020 Maxime
1309 2001 1373 2019 mo-

796 2033 875 2054 verat
899 2027 1046 2055 senatum.
1065 2027 1142 2057 quod
1169 2026 1223 2050 'am
1248 2024 1320 2052 AEni
1339 2024 1370 2052 ὃς

798 2061 943 2086 Maroneae
961 2058 1084 2085 affestati
1106 2034 1295 2089 possssssionem
1320 2062 1372 2082 au-

794 2093 922 2118 dierant.
941 2092 1038 2116 minus
1056 2088 1202 2116 Thessalos
1221 2087 1371 2115 curabant.

795 2123 970 2150 Athamanes
990 2129 1106 2155 quoque
1116 2120 1201 2153 legati
1213 2126 1352 2146 venerunt
1364 2125 1375 2151 ς

796 2161 856 2180 non
870 2154 1065 2186 partisamiffae
1075 2170 1084 2189 2
1095 2159 1154 2179 non
1166 2152 1269 2179 finium
1284 2152 1372 2181 iaetu·

796 2192 855 2212 ram
875 2191 1047 2218 querentes,
1065 2185 1114 2211 led
1132 2189 1222 2211 totam
1233 2183 1371 2210 Athama-

796 2218 874 2244 niam
893 2215 944 2242 sub
964 2218 1008 2247 ius
1029 2217 1223 2247 iudiciumque
1241 2215 1316 2247 regis
1325 2222 1372 2243 ve·

796 2249 875 2276 nisl‘e.
894 2250 933 2275 Et
953 2249 1168 2276 Maronitarum
1184 2247 1283 2273 exules
1291 2250 1377 2274 erant

794 2278 1376 2343 2⁹23&ssss¹l2355²¹³5533ss³m2i⁶52ss

821 2322 828 2339 Ι
913 2328 922 2341 9
1229 2328 1236 2335 n

797 2346 966 2371 Maroneam
977 2345 1064 2370 modo
1074 2359 1082 2372 ‚
1093 2319 1148 2370 ¹i'ed
1163 2343 1250 2369 etlam
1261 2342 1372 2369 AEnum

797 2377 828 2406 iu
845 2377 984 2412 potestate
1000 2375 1180 2407 nunciabant
1189 2373 1318 2408 Philippi
1326 2372 1373 2433 1‹ges-
