<?xml version="1.0" encoding="UTF-8"?>
<!DOCTYPE html PUBLIC "-//W3C//DTD XHTML 1.0 Transitional//EN"
    "http://www.w3.org/TR/xhtml1/DTD/xhtml1-transitional.dtd">
<html xmlns="http://www.w3.org/1999/xhtml" xml:lang="en" lang="en">
 <head>
  <title>
</title>
<meta http-equiv="Content-Type" content="text/html;charset=utf-8" />
  <meta name='ocr-system' content='tesseract 3.04.00' />
  <meta name='ocr-capabilities' content='ocr_page ocr_carea ocr_par ocr_line ocrx_word'/>
</head>
<body>
  <div class='ocr_page' id='page_1' title='image "./titiliviihistori00livy_0312.png"; bbox 0 0 1414 2655; ppageno 0'>
   <div class='ocr_carea' id='block_1_1' title="bbox 142 106 746 2374">
    <p class='ocr_par' dir='ltr' id='par_1_1' title="bbox 142 106 746 2374">
     <span class='ocr_line' id='line_1_1' title="bbox 144 106 729 181; baseline -0.005 -11"><span class='ocrx_word' id='word_1_1' title='bbox 144 106 270 181; x_wconf 55' lang='grc' dir='ltr'>Ξεῃῐιιςς</span> <span class='ocrx_word' id='word_1_2' title='bbox 289 141 324 169; x_wconf 88' lang='lat' dir='ltr'>de</span> <span class='ocrx_word' id='word_1_3' title='bbox 345 141 431 169; x_wconf 77' lang='lat' dir='ltr'>reffus</span> <span class='ocrx_word' id='word_1_4' title='bbox 450 142 526 169; x_wconf 85' lang='lat' dir='ltr'>colle</span> <span class='ocrx_word' id='word_1_5' title='bbox 544 159 553 172; x_wconf 90' lang='lat'>‚</span> <span class='ocrx_word' id='word_1_6' title='bbox 571 141 666 176; x_wconf 64' lang='lat' dir='ltr'>pergit</span> <span class='ocrx_word' id='word_1_7' title='bbox 686 141 729 167; x_wconf 85' lang='lat' dir='ltr'>ire</span> 
     </span>
     <span class='ocr_line' id='line_1_2' title="bbox 143 174 726 202; baseline -0.003 0"><span class='ocrx_word' id='word_1_8' title='bbox 143 175 207 202; x_wconf 78' lang='lat' dir='ltr'>acie</span> <span class='ocrx_word' id='word_1_9' title='bbox 229 174 336 201; x_wconf 69' lang='lat' dir='ltr'>instruc</span> <span class='ocrx_word' id='word_1_10' title='bbox 351 181 367 200; x_wconf 90' lang='lat' dir='ltr'>a</span> <span class='ocrx_word' id='word_1_11' title='bbox 375 176 411 202; x_wconf 90' lang='lat' dir='ltr'>ad</span> <span class='ocrx_word' id='word_1_12' title='bbox 422 175 520 201; x_wconf 82' lang='lat' dir='ltr'>castra.</span> <span class='ocrx_word' id='word_1_13' title='bbox 558 181 623 201; x_wconf 88' lang='lat' dir='ltr'>uem</span> <span class='ocrx_word' id='word_1_14' title='bbox 633 179 666 200; x_wconf 90' lang='lat' dir='ltr'>ut</span> <span class='ocrx_word' id='word_1_15' title='bbox 677 174 726 200; x_wconf 80' lang='lat' dir='ltr'>ad-</span> 
     </span>
     <span class='ocr_line' id='line_1_3' title="bbox 145 205 728 244; baseline 0 -12"><span class='ocrx_word' id='word_1_16' title='bbox 145 206 198 234; x_wconf 69' lang='lat' dir='ltr'>este</span> <span class='ocrx_word' id='word_1_17' title='bbox 208 205 386 244; x_wconf 74' lang='lat' dir='ltr'>tumultuose</span> <span class='ocrx_word' id='word_1_18' title='bbox 396 207 496 233; x_wconf 88' lang='lat' dir='ltr'>nuncil</span> <span class='ocrx_word' id='word_1_19' title='bbox 506 213 537 233; x_wconf 88' lang='lat' dir='ltr'>re</span> <span class='ocrx_word' id='word_1_20' title='bbox 572 207 681 239; x_wconf 81' lang='lat' dir='ltr'>gientes</span> <span class='ocrx_word' id='word_1_21' title='bbox 691 211 728 231; x_wconf 75' lang='lat' dir='ltr'>ex</span> 
     </span>
     <span class='ocr_line' id='line_1_4' title="bbox 143 237 728 272; baseline -0.002 -9"><span class='ocrx_word' id='word_1_22' title='bbox 143 237 267 272; x_wconf 77' lang='lat' dir='ltr'>speculis</span> <span class='ocrx_word' id='word_1_23' title='bbox 285 238 513 271; x_wconf 85' lang='lat' dir='ltr'>stationibusque</span> <span class='ocrx_word' id='word_1_24' title='bbox 529 239 653 264; x_wconf 75' lang='lat' dir='ltr'>attulere</span> <span class='ocrx_word' id='word_1_25' title='bbox 667 254 675 267; x_wconf 88' lang='lat'>‚</span> <span class='ocrx_word' id='word_1_26' title='bbox 691 238 728 262; x_wconf 90' lang='lat' dir='ltr'>ad</span> 
     </span>
     <span class='ocr_line' id='line_1_5' title="bbox 143 269 728 302; baseline -0.003 -6"><span class='ocrx_word' id='word_1_27' title='bbox 143 276 223 296; x_wconf 79' lang='lat' dir='ltr'>arma</span> <span class='ocrx_word' id='word_1_28' title='bbox 241 270 450 297; x_wconf 84' lang='lat' dir='ltr'>conclamatum</span> <span class='ocrx_word' id='word_1_29' title='bbox 468 271 518 296; x_wconf 86' lang='lat' dir='ltr'>est.</span> <span class='ocrx_word' id='word_1_30' title='bbox 547 270 589 296; x_wconf 86' lang='lat' dir='ltr'>Ut</span> <span class='ocrx_word' id='word_1_31' title='bbox 607 269 728 302; x_wconf 88' lang='lat' dir='ltr'>quisque</span> 
     </span>
     <span class='ocr_line' id='line_1_6' title="bbox 142 301 730 334; baseline -0.003 -6"><span class='ocrx_word' id='word_1_32' title='bbox 142 307 222 328; x_wconf 77' lang='lat' dir='ltr'>arma</span> <span class='ocrx_word' id='word_1_33' title='bbox 240 307 353 334; x_wconf 76' lang='lat' dir='ltr'>ceperat</span> <span class='ocrx_word' id='word_1_34' title='bbox 363 319 371 332; x_wconf 93' lang='lat'>,</span> <span class='ocrx_word' id='word_1_35' title='bbox 387 303 448 328; x_wconf 84' lang='lat' dir='ltr'>fine</span> <span class='ocrx_word' id='word_1_36' title='bbox 464 302 586 334; x_wconf 83' lang='lat' dir='ltr'>imperio</span> <span class='ocrx_word' id='word_1_37' title='bbox 597 317 605 330; x_wconf 82' lang='lat'>‚</span> <span class='ocrx_word' id='word_1_38' title='bbox 623 302 682 327; x_wconf 82' lang='lat' dir='ltr'>fine</span> <span class='ocrx_word' id='word_1_39' title='bbox 692 301 730 326; x_wconf 82' lang='lat' dir='ltr'>fi-</span> 
     </span>
     <span class='ocr_line' id='line_1_7' title="bbox 186 333 729 367; baseline -0.004 -7"><span class='ocrx_word' id='word_1_40' title='bbox 186 340 204 360; x_wconf 90' lang='lat' dir='ltr'>o</span> <span class='ocrx_word' id='word_1_41' title='bbox 215 351 223 363; x_wconf 90' lang='lat'>‚</span> <span class='ocrx_word' id='word_1_42' title='bbox 234 333 425 367; x_wconf 83' lang='lat' dir='ltr'>incompofiti,</span> <span class='ocrx_word' id='word_1_43' title='bbox 434 333 599 362; x_wconf 78' lang='lat' dir='ltr'>inordinati</span> <span class='ocrx_word' id='word_1_44' title='bbox 610 333 640 359; x_wconf 89' lang='lat' dir='ltr'>in</span> <span class='ocrx_word' id='word_1_45' title='bbox 653 339 729 366; x_wconf 85' lang='lat' dir='ltr'>proe-</span> 
     </span>
     <span class='ocr_line' id='line_1_8' title="bbox 159 365 729 404; baseline -0.002 -13"><span class='ocrx_word' id='word_1_46' title='bbox 159 366 219 392; x_wconf 88' lang='lat' dir='ltr'>ium</span> <span class='ocrx_word' id='word_1_47' title='bbox 232 371 333 392; x_wconf 85' lang='lat' dir='ltr'>ruunt.</span> <span class='ocrx_word' id='word_1_48' title='bbox 347 366 412 398; x_wconf 84' lang='lat' dir='ltr'>Jam</span> <span class='ocrx_word' id='word_1_49' title='bbox 423 366 509 404; x_wconf 84' lang='lat' dir='ltr'>primi</span> <span class='ocrx_word' id='word_1_50' title='bbox 520 365 729 391; x_wconf 86' lang='lat' dir='ltr'>conseruerunt</span> 
     </span>
     <span class='ocr_line' id='line_1_9' title="bbox 145 397 728 433; baseline -0.003 -10"><span class='ocrx_word' id='word_1_51' title='bbox 145 403 266 427; x_wconf 83' lang='lat' dir='ltr'>manus,</span> <span class='ocrx_word' id='word_1_52' title='bbox 285 403 374 430; x_wconf 87' lang='lat' dir='ltr'>quum</span> <span class='ocrx_word' id='word_1_53' title='bbox 391 398 444 424; x_wconf 83' lang='lat' dir='ltr'>alii</span> <span class='ocrx_word' id='word_1_54' title='bbox 462 397 626 433; x_wconf 65' lang='lat' dir='ltr'>catervatim</span> <span class='ocrx_word' id='word_1_55' title='bbox 637 402 728 422; x_wconf 84' lang='lat' dir='ltr'>curre-</span> 
     </span>
     <span class='ocr_line' id='line_1_10' title="bbox 146 427 720 458; baseline -0.002 -5"><span class='ocrx_word' id='word_1_56' title='bbox 146 434 216 455; x_wconf 85' lang='lat' dir='ltr'>rent</span> <span class='ocrx_word' id='word_1_57' title='bbox 227 445 235 458; x_wconf 85' lang='lat'>‚</span> <span class='ocrx_word' id='word_1_58' title='bbox 255 429 307 456; x_wconf 86' lang='lat' dir='ltr'>aiii</span> <span class='ocrx_word' id='word_1_59' title='bbox 319 431 449 456; x_wconf 84' lang='lat' dir='ltr'>nondum</span> <span class='ocrx_word' id='word_1_60' title='bbox 461 437 476 455; x_wconf 89' lang='lat' dir='ltr'>e</span> <span class='ocrx_word' id='word_1_61' title='bbox 485 429 580 455; x_wconf 79' lang='lat' dir='ltr'>castris</span> <span class='ocrx_word' id='word_1_62' title='bbox 592 427 720 454; x_wconf 81' lang='lat' dir='ltr'>exissent.</span> 
     </span>
     <span class='ocr_line' id='line_1_11' title="bbox 145 461 728 494; baseline 0 -9"><span class='ocrx_word' id='word_1_63' title='bbox 145 464 245 494; x_wconf 81' lang='lat' dir='ltr'>tamen</span> <span class='ocrx_word' id='word_1_64' title='bbox 272 461 364 493; x_wconf 91' lang='lat' dir='ltr'>primo</span> <span class='ocrx_word' id='word_1_65' title='bbox 383 461 442 493; x_wconf 84' lang='lat' dir='ltr'>ipsa</span> <span class='ocrx_word' id='word_1_66' title='bbox 456 461 574 487; x_wconf 84' lang='lat' dir='ltr'>audacia</span> <span class='ocrx_word' id='word_1_67' title='bbox 599 465 728 486; x_wconf 86' lang='lat' dir='ltr'>terruere</span> 
     </span>
     <span class='ocr_line' id='line_1_12' title="bbox 145 491 727 520; baseline 0 -4"><span class='ocrx_word' id='word_1_68' title='bbox 145 491 265 519; x_wconf 81' lang='lat' dir='ltr'>hostem.</span> <span class='ocrx_word' id='word_1_69' title='bbox 283 493 389 520; x_wconf 81' lang='lat' dir='ltr'>deinde</span> <span class='ocrx_word' id='word_1_70' title='bbox 407 494 464 519; x_wconf 78' lang='lat' dir='ltr'>rari</span> <span class='ocrx_word' id='word_1_71' title='bbox 487 494 516 518; x_wconf 90' lang='lat' dir='ltr'>in</span> <span class='ocrx_word' id='word_1_72' title='bbox 527 491 675 518; x_wconf 86' lang='lat' dir='ltr'>confertos</span> <span class='ocrx_word' id='word_1_73' title='bbox 690 491 727 517; x_wconf 91' lang='lat' dir='ltr'>ii-</span> 
     </span>
     <span class='ocr_line' id='line_1_13' title="bbox 143 522 727 562; baseline 0 -13"><span class='ocrx_word' id='word_1_74' title='bbox 143 522 199 550; x_wconf 80' lang='lat' dir='ltr'>lati</span> <span class='ocrx_word' id='word_1_75' title='bbox 214 532 222 549; x_wconf 71' lang='grc' dir='ltr'><strong><em>ε</em></strong></span> <span class='ocrx_word' id='word_1_76' title='bbox 235 530 323 556; x_wconf 87' lang='lat' dir='ltr'>quum</span> <span class='ocrx_word' id='word_1_77' title='bbox 334 525 459 562; x_wconf 73' lang='lat' dir='ltr'>paucitas</span> <span class='ocrx_word' id='word_1_78' title='bbox 466 530 565 557; x_wconf 82' lang='lat' dir='ltr'>parum</span> <span class='ocrx_word' id='word_1_79' title='bbox 577 529 640 550; x_wconf 87' lang='lat' dir='ltr'>tuta</span> <span class='ocrx_word' id='word_1_80' title='bbox 650 523 727 558; x_wconf 62' lang='lat' dir='ltr'>esset,</span> 
     </span>
     <span class='ocr_line' id='line_1_14' title="bbox 145 554 728 588; baseline 0 -8"><span class='ocrx_word' id='word_1_81' title='bbox 145 554 286 587; x_wconf 75' lang='lat' dir='ltr'>respicere</span> <span class='ocrx_word' id='word_1_82' title='bbox 302 555 354 582; x_wconf 79' lang='lat' dir='ltr'>aiii</span> <span class='ocrx_word' id='word_1_83' title='bbox 363 557 435 583; x_wconf 85' lang='lat' dir='ltr'>aiios</span> <span class='ocrx_word' id='word_1_84' title='bbox 446 572 455 586; x_wconf 78' lang='lat'><strong>‚</strong></span> <span class='ocrx_word' id='word_1_85' title='bbox 471 557 501 584; x_wconf 88' lang='lat'>&amp;</span> <span class='ocrx_word' id='word_1_86' title='bbox 512 556 643 588; x_wconf 88' lang='lat' dir='ltr'>undique</span> <span class='ocrx_word' id='word_1_87' title='bbox 656 555 728 587; x_wconf 79' lang='lat' dir='ltr'>pulit</span> 
     </span>
     <span class='ocr_line' id='line_1_15' title="bbox 146 587 731 625; baseline -0.003 -11"><span class='ocrx_word' id='word_1_88' title='bbox 146 587 227 625; x_wconf 73' lang='lat' dir='ltr'>coire</span> <span class='ocrx_word' id='word_1_89' title='bbox 245 588 276 614; x_wconf 84' lang='lat' dir='ltr'>in</span> <span class='ocrx_word' id='word_1_90' title='bbox 294 589 391 614; x_wconf 87' lang='lat' dir='ltr'>orbem</span> <span class='ocrx_word' id='word_1_91' title='bbox 403 604 411 615; x_wconf 80' lang='grc'>,</span> <span class='ocrx_word' id='word_1_92' title='bbox 427 588 457 615; x_wconf 84' lang='lat'>&amp;</span> <span class='ocrx_word' id='word_1_93' title='bbox 475 589 544 615; x_wconf 82' lang='lat' dir='ltr'>dum</span> <span class='ocrx_word' id='word_1_94' title='bbox 564 587 731 621; x_wconf 82' lang='lat' dir='ltr'>corporibus</span> 
     </span>
     <span class='ocr_line' id='line_1_16' title="bbox 146 619 727 656; baseline -0.002 -11"><span class='ocrx_word' id='word_1_95' title='bbox 146 619 340 656; x_wconf 59' lang='lat' dir='ltr'>applicantur,</span> <span class='ocrx_word' id='word_1_96' title='bbox 350 625 484 651; x_wconf 84' lang='lat' dir='ltr'>armaque</span> <span class='ocrx_word' id='word_1_97' title='bbox 493 620 579 646; x_wconf 82' lang='lat' dir='ltr'>armis</span> <span class='ocrx_word' id='word_1_98' title='bbox 589 621 727 651; x_wconf 83' lang='lat' dir='ltr'>jungunt,</span> 
     </span>
     <span class='ocr_line' id='line_1_17' title="bbox 150 651 731 684; baseline -0.002 -8"><span class='ocrx_word' id='word_1_99' title='bbox 150 657 184 677; x_wconf 84' lang='lat' dir='ltr'>m</span> <span class='ocrx_word' id='word_1_100' title='bbox 203 651 313 677; x_wconf 61' lang='lat' dir='ltr'>aretum</span> <span class='ocrx_word' id='word_1_101' title='bbox 333 652 471 684; x_wconf 70' lang='lat' dir='ltr'>compulsi</span> <span class='ocrx_word' id='word_1_102' title='bbox 482 667 490 680; x_wconf 78' lang='lat'>‚</span> <span class='ocrx_word' id='word_1_103' title='bbox 510 658 600 684; x_wconf 89' lang='lat' dir='ltr'>quum</span> <span class='ocrx_word' id='word_1_104' title='bbox 611 652 659 677; x_wconf 69' lang='lat' dir='ltr'>v‘n(</span> <span class='ocrx_word' id='word_1_105' title='bbox 670 657 731 676; x_wconf 81' lang='lat' dir='ltr'>rno-</span> 
     </span>
     <span class='ocr_line' id='line_1_18' title="bbox 151 682 732 720; baseline 0 -13"><span class='ocrx_word' id='word_1_106' title='bbox 151 682 253 720; x_wconf 68' lang='lat' dir='ltr'>venqlis</span> <span class='ocrx_word' id='word_1_107' title='bbox 265 683 349 709; x_wconf 88' lang='lat' dir='ltr'>armis</span> <span class='ocrx_word' id='word_1_108' title='bbox 362 683 429 710; x_wconf 74' lang='lat' dir='ltr'>iaris</span> <span class='ocrx_word' id='word_1_109' title='bbox 440 683 524 716; x_wconf 79' lang='lat' dir='ltr'>spatii</span> <span class='ocrx_word' id='word_1_110' title='bbox 535 683 609 712; x_wconf 79' lang='lat' dir='ltr'>esset,</span> <span class='ocrx_word' id='word_1_111' title='bbox 625 689 732 708; x_wconf 88' lang='lat' dir='ltr'>corona</span> 
     </span>
     <span class='ocr_line' id='line_1_19' title="bbox 146 712 731 745; baseline -0.002 -6"><span class='ocrx_word' id='word_1_112' title='bbox 146 712 274 741; x_wconf 80' lang='lat' dir='ltr'>hostium</span> <span class='ocrx_word' id='word_1_113' title='bbox 291 715 379 741; x_wconf 74' lang='lat' dir='ltr'>cinsti</span> <span class='ocrx_word' id='word_1_114' title='bbox 390 732 398 745; x_wconf 91' lang='lat'>,</span> <span class='ocrx_word' id='word_1_115' title='bbox 414 716 451 742; x_wconf 84' lang='lat' dir='ltr'>ad</span> <span class='ocrx_word' id='word_1_116' title='bbox 471 717 594 742; x_wconf 87' lang='lat' dir='ltr'>multum</span> <span class='ocrx_word' id='word_1_117' title='bbox 612 715 670 741; x_wconf 87' lang='lat' dir='ltr'>diei</span> <span class='ocrx_word' id='word_1_118' title='bbox 680 722 731 740; x_wconf 69' lang='lat' dir='ltr'>cze-</span> 
     </span>
     <span class='ocr_line' id='line_1_20' title="bbox 146 745 731 780; baseline -0.003 -8"><span class='ocrx_word' id='word_1_119' title='bbox 146 746 272 773; x_wconf 89' lang='lat' dir='ltr'>duntur.</span> <span class='ocrx_word' id='word_1_120' title='bbox 290 747 404 780; x_wconf 83' lang='lat' dir='ltr'>Exigua</span> <span class='ocrx_word' id='word_1_121' title='bbox 415 754 477 779; x_wconf 90' lang='lat' dir='ltr'>pars</span> <span class='ocrx_word' id='word_1_122' title='bbox 486 747 640 780; x_wconf 84' lang='lat' dir='ltr'>eruptione</span> <span class='ocrx_word' id='word_1_123' title='bbox 649 745 731 774; x_wconf 74' lang='lat' dir='ltr'>fasta,</span> 
     </span>
     <span class='ocr_line' id='line_1_21' title="bbox 148 774 731 815; baseline -0.003 -11"><span class='ocrx_word' id='word_1_124' title='bbox 148 774 234 804; x_wconf 78' lang='lat' dir='ltr'>filvas</span> <span class='ocrx_word' id='word_1_125' title='bbox 251 785 282 805; x_wconf 89' lang='lat' dir='ltr'>ac</span> <span class='ocrx_word' id='word_1_126' title='bbox 301 785 413 815; x_wconf 71' lang='lat' dir='ltr'>montes</span> <span class='ocrx_word' id='word_1_127' title='bbox 433 780 525 812; x_wconf 83' lang='lat' dir='ltr'>petit:</span> <span class='ocrx_word' id='word_1_128' title='bbox 546 779 664 811; x_wconf 87' lang='lat' dir='ltr'>parique</span> <span class='ocrx_word' id='word_1_129' title='bbox 675 783 731 803; x_wconf 83' lang='lat' dir='ltr'>ter-</span> 
     </span>
     <span class='ocr_line' id='line_1_22' title="bbox 147 809 730 838; baseline -0.003 -4"><span class='ocrx_word' id='word_1_130' title='bbox 147 815 217 836; x_wconf 78' lang='lat' dir='ltr'>rore</span> <span class='ocrx_word' id='word_1_131' title='bbox 227 810 256 837; x_wconf 73' lang='lat' dir='ltr'>se</span> <span class='ocrx_word' id='word_1_132' title='bbox 266 811 355 837; x_wconf 87' lang='lat' dir='ltr'>castra</span> <span class='ocrx_word' id='word_1_133' title='bbox 366 811 433 837; x_wconf 79' lang='lat' dir='ltr'>iunt</span> <span class='ocrx_word' id='word_1_134' title='bbox 446 812 563 838; x_wconf 70' lang='lat' dir='ltr'>deserta,</span> <span class='ocrx_word' id='word_1_135' title='bbox 578 809 606 837; x_wconf 74' lang='lat'>8:</span> <span class='ocrx_word' id='word_1_136' title='bbox 616 810 730 836; x_wconf 92' lang='lat' dir='ltr'>univer-</span> 
     </span>
     <span class='ocr_line' id='line_1_23' title="bbox 149 839 732 880; baseline 0 -14"><span class='ocrx_word' id='word_1_137' title='bbox 149 839 182 880; x_wconf 50' lang='lat' dir='ltr'>sa·</span> <span class='ocrx_word' id='word_1_138' title='bbox 191 848 260 874; x_wconf 82' lang='lat' dir='ltr'>gens</span> <span class='ocrx_word' id='word_1_139' title='bbox 271 842 384 874; x_wconf 83' lang='lat' dir='ltr'>postero</span> <span class='ocrx_word' id='word_1_140' title='bbox 395 844 442 870; x_wconf 89' lang='lat' dir='ltr'>die</span> <span class='ocrx_word' id='word_1_141' title='bbox 452 845 482 869; x_wconf 86' lang='lat' dir='ltr'>in</span> <span class='ocrx_word' id='word_1_142' title='bbox 494 843 673 876; x_wconf 82' lang='lat' dir='ltr'>deditionem</span> <span class='ocrx_word' id='word_1_143' title='bbox 685 847 732 866; x_wconf 87' lang='lat' dir='ltr'>ve·</span> 
     </span>
     <span class='ocr_line' id='line_1_24' title="bbox 149 874 730 906; baseline -0.002 -8"><span class='ocrx_word' id='word_1_144' title='bbox 149 878 209 899; x_wconf 81' lang='lat' dir='ltr'>mr.</span> <span class='ocrx_word' id='word_1_145' title='bbox 228 874 289 900; x_wconf 85' lang='lat' dir='ltr'>Nec</span> <span class='ocrx_word' id='word_1_146' title='bbox 307 875 358 901; x_wconf 92' lang='lat' dir='ltr'>diu</span> <span class='ocrx_word' id='word_1_147' title='bbox 379 875 409 900; x_wconf 89' lang='lat' dir='ltr'>in</span> <span class='ocrx_word' id='word_1_148' title='bbox 423 881 522 906; x_wconf 86' lang='lat' dir='ltr'>pacato</span> <span class='ocrx_word' id='word_1_149' title='bbox 533 874 645 899; x_wconf 73' lang='lat' dir='ltr'>manitt.</span> <span class='ocrx_word' id='word_1_150' title='bbox 665 879 730 898; x_wconf 91' lang='lat' dir='ltr'>nam</span> 
     </span>
     <span class='ocr_line' id='line_1_25' title="bbox 147 903 731 939; baseline 0 -10"><span class='ocrx_word' id='word_1_151' title='bbox 147 903 271 932; x_wconf 80' lang='lat' dir='ltr'>subinde</span> <span class='ocrx_word' id='word_1_152' title='bbox 281 907 314 932; x_wconf 88' lang='lat' dir='ltr'>ab</span> <span class='ocrx_word' id='word_1_153' title='bbox 324 908 498 939; x_wconf 80' lang='lat' dir='ltr'>Carthagine</span> <span class='ocrx_word' id='word_1_154' title='bbox 507 907 626 932; x_wconf 86' lang='lat' dir='ltr'>allatum</span> <span class='ocrx_word' id='word_1_155' title='bbox 636 905 684 933; x_wconf 82' lang='lat' dir='ltr'>est,</span> <span class='ocrx_word' id='word_1_156' title='bbox 696 910 731 930; x_wconf 85' lang='lat' dir='ltr'>ut</span> 
     </span>
     <span class='ocr_line' id='line_1_26' title="bbox 147 935 730 971; baseline -0.002 -9"><span class='ocrx_word' id='word_1_157' title='bbox 147 935 294 964; x_wconf 82' lang='lat' dir='ltr'>Asdrubal</span> <span class='ocrx_word' id='word_1_158' title='bbox 312 940 407 970; x_wconf 88' lang='lat' dir='ltr'>primo</span> <span class='ocrx_word' id='word_1_159' title='bbox 426 945 542 971; x_wconf 87' lang='lat' dir='ltr'>quoque</span> <span class='ocrx_word' id='word_1_160' title='bbox 559 937 730 969; x_wconf 75' lang='lat' dir='ltr'>temporem</span> 
     </span>
     <span class='ocr_line' id='line_1_27' title="bbox 147 968 733 1006; baseline -0.002 -12"><span class='ocrx_word' id='word_1_161' title='bbox 147 968 264 997; x_wconf 84' lang='lat' dir='ltr'>Italiam</span> <span class='ocrx_word' id='word_1_162' title='bbox 282 971 440 996; x_wconf 85' lang='lat' dir='ltr'>exercitum</span> <span class='ocrx_word' id='word_1_163' title='bbox 452 970 580 996; x_wconf 86' lang='lat' dir='ltr'>duceret.</span> <span class='ocrx_word' id='word_1_164' title='bbox 597 976 660 1006; x_wconf 82' lang='lat' dir='ltr'>quae</span> <span class='ocrx_word' id='word_1_165' title='bbox 671 969 733 994; x_wconf 92' lang='lat' dir='ltr'>vul-</span> 
     </span>
     <span class='ocr_line' id='line_1_28' title="bbox 148 999 731 1034; baseline -0.002 -8"><span class='ocrx_word' id='word_1_166' title='bbox 148 1005 216 1033; x_wconf 79' lang='lat' dir='ltr'>gata</span> <span class='ocrx_word' id='word_1_167' title='bbox 226 1007 270 1027; x_wconf 84' lang='lat' dir='ltr'>res</span> <span class='ocrx_word' id='word_1_168' title='bbox 281 1008 332 1034; x_wconf 89' lang='lat' dir='ltr'>per</span> <span class='ocrx_word' id='word_1_169' title='bbox 342 1001 520 1033; x_wconf 81' lang='lat' dir='ltr'>Hispaniam,</span> <span class='ocrx_word' id='word_1_170' title='bbox 532 1006 664 1026; x_wconf 80' lang='lat' dir='ltr'>omnium</span> <span class='ocrx_word' id='word_1_171' title='bbox 675 999 731 1025; x_wconf 83' lang='lat' dir='ltr'>fer-</span> 
     </span>
     <span class='ocr_line' id='line_1_29' title="bbox 150 1033 733 1060; baseline -0.002 -2"><span class='ocrx_word' id='word_1_172' title='bbox 150 1038 197 1058; x_wconf 90' lang='lat' dir='ltr'>me</span> <span class='ocrx_word' id='word_1_173' title='bbox 215 1034 327 1059; x_wconf 81' lang='lat' dir='ltr'>animos</span> <span class='ocrx_word' id='word_1_174' title='bbox 336 1034 372 1060; x_wconf 86' lang='lat' dir='ltr'>ad</span> <span class='ocrx_word' id='word_1_175' title='bbox 383 1035 529 1060; x_wconf 83' lang='lat' dir='ltr'>Romanos</span> <span class='ocrx_word' id='word_1_176' title='bbox 539 1033 654 1058; x_wconf 79' lang='lat' dir='ltr'>avertit.</span> <span class='ocrx_word' id='word_1_177' title='bbox 675 1033 733 1057; x_wconf 81' lang='lat' dir='ltr'>lta-</span> 
     </span>
     <span class='ocr_line' id='line_1_30' title="bbox 148 1063 733 1096; baseline -0.003 -7"><span class='ocrx_word' id='word_1_178' title='bbox 148 1069 207 1096; x_wconf 83' lang='lat' dir='ltr'>que</span> <span class='ocrx_word' id='word_1_179' title='bbox 226 1063 371 1092; x_wconf 79' lang='lat' dir='ltr'>Asdrubal</span> <span class='ocrx_word' id='word_1_180' title='bbox 390 1066 536 1096; x_wconf 80' lang='lat' dir='ltr'>extempio</span> <span class='ocrx_word' id='word_1_181' title='bbox 554 1064 652 1090; x_wconf 81' lang='lat' dir='ltr'>literas</span> <span class='ocrx_word' id='word_1_182' title='bbox 663 1064 733 1088; x_wconf 90' lang='lat' dir='ltr'>Car-</span> 
     </span>
     <span class='ocr_line' id='line_1_31' title="bbox 150 1095 732 1128; baseline -0.002 -7"><span class='ocrx_word' id='word_1_183' title='bbox 150 1095 299 1128; x_wconf 83' lang='lat' dir='ltr'>thaginem</span> <span class='ocrx_word' id='word_1_184' title='bbox 319 1098 412 1123; x_wconf 84' lang='lat' dir='ltr'>mittit</span> <span class='ocrx_word' id='word_1_185' title='bbox 428 1103 435 1128; x_wconf 88' lang='lat'>;</span> <span class='ocrx_word' id='word_1_186' title='bbox 456 1097 586 1123; x_wconf 87' lang='lat' dir='ltr'>indicans</span> <span class='ocrx_word' id='word_1_187' title='bbox 598 1112 605 1121; x_wconf 73' lang='grc'>,</span> <span class='ocrx_word' id='word_1_188' title='bbox 622 1098 732 1127; x_wconf 78' lang='lat' dir='ltr'>quanto</span> 
     </span>
     <span class='ocr_line' id='line_1_32' title="bbox 144 1124 732 1161; baseline 0 -10"><span class='ocrx_word' id='word_1_189' title='bbox 144 1124 233 1160; x_wconf 79' lang='lat' dir='ltr'>fama</span> <span class='ocrx_word' id='word_1_190' title='bbox 246 1127 432 1161; x_wconf 60' lang='lat' dir='ltr'>profectionis</span> <span class='ocrx_word' id='word_1_191' title='bbox 437 1126 496 1159; x_wconf 79' lang='lat' dir='ltr'>snae</span> <span class='ocrx_word' id='word_1_192' title='bbox 506 1129 610 1153; x_wconf 80' lang='lat' dir='ltr'>damno</span> <span class='ocrx_word' id='word_1_193' title='bbox 616 1126 670 1159; x_wconf 62' lang='lat' dir='ltr'>flat·</span> <span class='ocrx_word' id='word_1_194' title='bbox 694 1130 732 1152; x_wconf 72' lang='lat' dir='ltr'>et.</span> 
     </span>
     <span class='ocr_line' id='line_1_33' title="bbox 148 1157 735 1194; baseline -0.005 -9"><span class='ocrx_word' id='word_1_195' title='bbox 148 1157 183 1185; x_wconf 81' lang='lat' dir='ltr'>Si</span> <span class='ocrx_word' id='word_1_196' title='bbox 194 1165 261 1186; x_wconf 61' lang='lat' dir='ltr'>vero</span> <span class='ocrx_word' id='word_1_197' title='bbox 273 1161 339 1186; x_wconf 79' lang='lat' dir='ltr'>inde</span> <span class='ocrx_word' id='word_1_198' title='bbox 346 1164 466 1194; x_wconf 71' lang='lat' dir='ltr'>pergeret</span> <span class='ocrx_word' id='word_1_199' title='bbox 476 1177 484 1188; x_wconf 86' lang='lat'>‚</span> <span class='ocrx_word' id='word_1_200' title='bbox 495 1157 661 1193; x_wconf 65' lang='lat' dir='ltr'>priufiyuam</span> <span class='ocrx_word' id='word_1_201' title='bbox 691 1158 735 1182; x_wconf 78' lang='lat' dir='ltr'>be-</span> 
     </span>
     <span class='ocr_line' id='line_1_34' title="bbox 147 1189 733 1226; baseline -0.005 -9"><span class='ocrx_word' id='word_1_202' title='bbox 147 1196 213 1217; x_wconf 86' lang='lat' dir='ltr'>rum</span> <span class='ocrx_word' id='word_1_203' title='bbox 231 1191 363 1226; x_wconf 72' lang='lat' dir='ltr'>transiret</span> <span class='ocrx_word' id='word_1_204' title='bbox 379 1209 387 1219; x_wconf 84' lang='grc'>,</span> <span class='ocrx_word' id='word_1_205' title='bbox 415 1192 608 1219; x_wconf 85' lang='lat' dir='ltr'>Romanorum</span> <span class='ocrx_word' id='word_1_206' title='bbox 632 1189 733 1225; x_wconf 68' lang='lat' dir='ltr'>Hispa-</span> 
     </span>
     <span class='ocr_line' id='line_1_35' title="bbox 145 1222 736 1257; baseline -0.003 -7"><span class='ocrx_word' id='word_1_207' title='bbox 145 1222 229 1250; x_wconf 74' lang='lat' dir='ltr'>niam</span> <span class='ocrx_word' id='word_1_208' title='bbox 250 1222 325 1256; x_wconf 84' lang='lat' dir='ltr'>fore.</span> <span class='ocrx_word' id='word_1_209' title='bbox 362 1224 442 1250; x_wconf 82' lang='lat' dir='ltr'>Nam</span> <span class='ocrx_word' id='word_1_210' title='bbox 458 1227 642 1257; x_wconf 72' lang='lat' dir='ltr'>praterquam</span> <span class='ocrx_word' id='word_1_211' title='bbox 660 1222 736 1254; x_wconf 76' lang='lat' dir='ltr'>quod</span> 
     </span>
     <span class='ocr_line' id='line_1_36' title="bbox 149 1253 731 1288; baseline -0.005 -8"><span class='ocrx_word' id='word_1_212' title='bbox 149 1261 203 1281; x_wconf 81' lang='lat' dir='ltr'>mc</span> <span class='ocrx_word' id='word_1_213' title='bbox 226 1255 385 1288; x_wconf 78' lang='lat' dir='ltr'>praessdium</span> <span class='ocrx_word' id='word_1_214' title='bbox 411 1261 460 1281; x_wconf 82' lang='lat' dir='ltr'>nec</span> <span class='ocrx_word' id='word_1_215' title='bbox 486 1256 583 1281; x_wconf 76' lang='lat' dir='ltr'>ducem</span> <span class='ocrx_word' id='word_1_216' title='bbox 601 1253 731 1282; x_wconf 62' lang='lat' dir='ltr'>haberet,</span> 
     </span>
     <span class='ocr_line' id='line_1_37' title="bbox 149 1285 735 1321; baseline -0.003 -10"><span class='ocrx_word' id='word_1_217' title='bbox 149 1292 235 1319; x_wconf 79' lang='lat' dir='ltr'>quem</span> <span class='ocrx_word' id='word_1_218' title='bbox 255 1287 427 1321; x_wconf 73' lang='lat' dir='ltr'>relinqueret</span> <span class='ocrx_word' id='word_1_219' title='bbox 437 1292 483 1320; x_wconf 82' lang='lat' dir='ltr'>pro</span> <span class='ocrx_word' id='word_1_220' title='bbox 490 1285 522 1318; x_wconf 75' lang='lat' dir='ltr'><em>fi</em></span> <span class='ocrx_word' id='word_1_221' title='bbox 531 1292 545 1316; x_wconf 85' lang='grc'>,-</span> <span class='ocrx_word' id='word_1_222' title='bbox 561 1290 605 1310; x_wconf 80' lang='lat' dir='ltr'>eos</span> <span class='ocrx_word' id='word_1_223' title='bbox 616 1285 735 1318; x_wconf 83' lang='lat' dir='ltr'>impera-</span> 
     </span>
     <span class='ocr_line' id='line_1_38' title="bbox 150 1315 733 1352; baseline -0.003 -8"><span class='ocrx_word' id='word_1_224' title='bbox 150 1322 224 1344; x_wconf 72' lang='lat' dir='ltr'>tores</span> <span class='ocrx_word' id='word_1_225' title='bbox 233 1315 285 1352; x_wconf 69' lang='lat' dir='ltr'>effie</span> <span class='ocrx_word' id='word_1_226' title='bbox 296 1319 449 1347; x_wconf 81' lang='lat' dir='ltr'>Romanos,</span> <span class='ocrx_word' id='word_1_227' title='bbox 461 1318 566 1350; x_wconf 68' lang='lat' dir='ltr'>quibus</span> <span class='ocrx_word' id='word_1_228' title='bbox 575 1316 633 1342; x_wconf 86' lang='lat' dir='ltr'>vix</span> <span class='ocrx_word' id='word_1_229' title='bbox 643 1317 733 1349; x_wconf 82' lang='lat' dir='ltr'>aequis</span> 
     </span>
     <span class='ocr_line' id='line_1_39' title="bbox 150 1347 735 1384; baseline -0.005 -9"><span class='ocrx_word' id='word_1_230' title='bbox 150 1350 272 1376; x_wconf 69' lang='lat' dir='ltr'>viribus</span> <span class='ocrx_word' id='word_1_231' title='bbox 292 1351 379 1384; x_wconf 78' lang='lat' dir='ltr'>refisti</span> <span class='ocrx_word' id='word_1_232' title='bbox 396 1356 429 1384; x_wconf 81' lang='lat' dir='ltr'>po</span> <span class='ocrx_word' id='word_1_233' title='bbox 451 1354 483 1376; x_wconf 78' lang='lat' dir='ltr'>it.</span> <span class='ocrx_word' id='word_1_234' title='bbox 509 1348 613 1381; x_wconf 77' lang='lat' dir='ltr'>Itaque</span> <span class='ocrx_word' id='word_1_235' title='bbox 622 1347 652 1381; x_wconf 80' lang='lat' dir='ltr'><em>fi</em></span> <span class='ocrx_word' id='word_1_236' title='bbox 671 1349 735 1373; x_wconf 82' lang='lat' dir='ltr'>uua</span> 
     </span>
     <span class='ocr_line' id='line_1_40' title="bbox 152 1376 736 1417; baseline -0.007 -9"><span class='ocrx_word' id='word_1_237' title='bbox 152 1382 301 1417; x_wconf 66' lang='lat' dir='ltr'>Hispaniae</span> <span class='ocrx_word' id='word_1_238' title='bbox 312 1389 383 1409; x_wconf 85' lang='lat' dir='ltr'>cura</span> <span class='ocrx_word' id='word_1_239' title='bbox 392 1391 406 1409; x_wconf 80' lang='lat' dir='ltr'>c</span> <span class='ocrx_word' id='word_1_240' title='bbox 430 1388 455 1408; x_wconf 82' lang='lat' dir='ltr'>et</span> <span class='ocrx_word' id='word_1_241' title='bbox 467 1398 475 1411; x_wconf 83' lang='lat'>,</span> <span class='ocrx_word' id='word_1_242' title='bbox 491 1376 736 1414; x_wconf 65' lang='lat' dir='ltr'>succeffi’remfibi</span> 
     </span>
     <span class='ocr_line' id='line_1_41' title="bbox 151 1411 738 1442; baseline -0.005 -2"><span class='ocrx_word' id='word_1_243' title='bbox 151 1418 218 1440; x_wconf 84' lang='lat' dir='ltr'>cum</span> <span class='ocrx_word' id='word_1_244' title='bbox 236 1415 340 1442; x_wconf 78' lang='lat' dir='ltr'>valido</span> <span class='ocrx_word' id='word_1_245' title='bbox 363 1415 487 1442; x_wconf 80' lang='lat' dir='ltr'>exercitu</span> <span class='ocrx_word' id='word_1_246' title='bbox 507 1413 651 1439; x_wconf 83' lang='lat' dir='ltr'>mitterent</span> <span class='ocrx_word' id='word_1_247' title='bbox 662 1420 671 1438; x_wconf 90' lang='lat'><em>:</em></span> <span class='ocrx_word' id='word_1_248' title='bbox 690 1411 738 1437; x_wconf 71' lang='lat' dir='ltr'>cui</span> 
     </span>
     <span class='ocr_line' id='line_1_42' title="bbox 151 1445 736 1483; baseline -0.007 -11"><span class='ocrx_word' id='word_1_249' title='bbox 151 1449 189 1472; x_wconf 79' lang='lat' dir='ltr'>ut</span> <span class='ocrx_word' id='word_1_250' title='bbox 199 1446 296 1472; x_wconf 85' lang='lat' dir='ltr'>omnia</span> <span class='ocrx_word' id='word_1_251' title='bbox 323 1445 426 1483; x_wconf 82' lang='lat' dir='ltr'>rospere</span> <span class='ocrx_word' id='word_1_252' title='bbox 437 1446 585 1472; x_wconf 82' lang='lat' dir='ltr'>evenirent</span> <span class='ocrx_word' id='word_1_253' title='bbox 597 1460 605 1473; x_wconf 89' lang='lat'><strong><em>‚</em></strong></span> <span class='ocrx_word' id='word_1_254' title='bbox 621 1450 678 1470; x_wconf 82' lang='lat' dir='ltr'>non</span> <span class='ocrx_word' id='word_1_255' title='bbox 690 1447 736 1469; x_wconf 82' lang='lat' dir='ltr'>ta-</span> 
     </span>
     <span class='ocr_line' id='line_1_43' title="bbox 152 1475 613 1512; baseline -0.009 -7"><span class='ocrx_word' id='word_1_256' title='bbox 152 1485 218 1505; x_wconf 84' lang='lat' dir='ltr'>men</span> <span class='ocrx_word' id='word_1_257' title='bbox 227 1480 283 1506; x_wconf 84' lang='lat' dir='ltr'>otio</span> <span class='ocrx_word' id='word_1_258' title='bbox 299 1484 345 1504; x_wconf 87' lang='lat' dir='ltr'>am</span> <span class='ocrx_word' id='word_1_259' title='bbox 354 1478 534 1512; x_wconf 82' lang='lat' dir='ltr'>provinciam</span> <span class='ocrx_word' id='word_1_260' title='bbox 537 1475 613 1510; x_wconf 83' lang='lat' dir='ltr'>fore.</span> 
     </span>
     <span class='ocr_line' id='line_1_44' title="bbox 187 1510 746 1544; baseline -0.004 -8"><span class='ocrx_word' id='word_1_261' title='bbox 187 1512 258 1544; x_wconf 88' lang='lat' dir='ltr'>cap.</span> <span class='ocrx_word' id='word_1_262' title='bbox 276 1513 302 1537; x_wconf 86' lang='lat' dir='ltr'>x</span> <span class='ocrx_word' id='word_1_263' title='bbox 312 1513 338 1537; x_wconf 89' lang='lat' dir='ltr'>X</span> <span class='ocrx_word' id='word_1_264' title='bbox 349 1513 375 1536; x_wconf 93' lang='lat' dir='ltr'>V</span> <span class='ocrx_word' id='word_1_265' title='bbox 387 1513 401 1538; x_wconf 91' lang='lat'>1</span> <span class='ocrx_word' id='word_1_266' title='bbox 411 1513 426 1538; x_wconf 93' lang='grc' dir='ltr'>Ι</span> <span class='ocrx_word' id='word_1_267' title='bbox 435 1512 460 1537; x_wconf 91' lang='lat'>1.</span> <span class='ocrx_word' id='word_1_268' title='bbox 479 1512 530 1536; x_wconf 75' lang='lat' dir='ltr'>Hae</span> <span class='ocrx_word' id='word_1_269' title='bbox 538 1510 630 1538; x_wconf 74' lang='lat' dir='ltr'>literae</span> <span class='ocrx_word' id='word_1_270' title='bbox 639 1514 746 1541; x_wconf 72' lang='lat' dir='ltr'>quam-</span> 
     </span>
     <span class='ocr_line' id='line_1_45' title="bbox 152 1539 738 1576; baseline -0.005 -7"><span class='ocrx_word' id='word_1_271' title='bbox 152 1549 242 1575; x_wconf 79' lang='lat' dir='ltr'>quam</span> <span class='ocrx_word' id='word_1_272' title='bbox 261 1544 356 1576; x_wconf 88' lang='lat' dir='ltr'>primo</span> <span class='ocrx_word' id='word_1_273' title='bbox 366 1543 521 1571; x_wconf 83' lang='lat' dir='ltr'>admodum</span> <span class='ocrx_word' id='word_1_274' title='bbox 532 1546 684 1567; x_wconf 78' lang='lat' dir='ltr'>moverunt</span> <span class='ocrx_word' id='word_1_275' title='bbox 695 1539 738 1566; x_wconf 84' lang='lat' dir='ltr'>se-</span> 
     </span>
     <span class='ocr_line' id='line_1_46' title="bbox 153 1572 738 1608; baseline -0.009 -6"><span class='ocrx_word' id='word_1_276' title='bbox 153 1579 255 1602; x_wconf 80' lang='lat' dir='ltr'>natum</span> <span class='ocrx_word' id='word_1_277' title='bbox 269 1583 279 1607; x_wconf 73' lang='lat'>5</span> <span class='ocrx_word' id='word_1_278' title='bbox 297 1581 391 1602; x_wconf 84' lang='lat' dir='ltr'>tamen</span> <span class='ocrx_word' id='word_1_279' title='bbox 402 1576 470 1608; x_wconf 84' lang='lat' dir='ltr'>quia</span> <span class='ocrx_word' id='word_1_280' title='bbox 480 1574 571 1600; x_wconf 84' lang='lat' dir='ltr'>Italiae</span> <span class='ocrx_word' id='word_1_281' title='bbox 580 1579 648 1599; x_wconf 90' lang='lat' dir='ltr'>cura</span> <span class='ocrx_word' id='word_1_282' title='bbox 657 1572 738 1604; x_wconf 84' lang='lat' dir='ltr'>prior</span> 
     </span>
     <span class='ocr_line' id='line_1_47' title="bbox 152 1604 737 1639; baseline -0.009 -5"><span class='ocrx_word' id='word_1_283' title='bbox 152 1607 312 1639; x_wconf 78' lang='lat' dir='ltr'>potiorque</span> <span class='ocrx_word' id='word_1_284' title='bbox 329 1612 391 1634; x_wconf 86' lang='lat' dir='ltr'>erat</span> <span class='ocrx_word' id='word_1_285' title='bbox 401 1624 410 1636; x_wconf 79' lang='lat'><strong>‚</strong></span> <span class='ocrx_word' id='word_1_286' title='bbox 426 1606 502 1633; x_wconf 84' lang='lat' dir='ltr'>nihil</span> <span class='ocrx_word' id='word_1_287' title='bbox 520 1606 556 1632; x_wconf 88' lang='lat' dir='ltr'>de</span> <span class='ocrx_word' id='word_1_288' title='bbox 568 1604 737 1633; x_wconf 82' lang='lat' dir='ltr'>Asdrubale,</span> 
     </span>
     <span class='ocr_line' id='line_1_48' title="bbox 154 1637 739 1673; baseline -0.009 -7"><span class='ocrx_word' id='word_1_289' title='bbox 154 1645 193 1666; x_wconf 84' lang='lat' dir='ltr'>ne</span> <span class='ocrx_word' id='word_1_290' title='bbox 213 1646 248 1665; x_wconf 90' lang='lat' dir='ltr'>ue</span> <span class='ocrx_word' id='word_1_291' title='bbox 267 1639 304 1666; x_wconf 87' lang='lat' dir='ltr'>de</span> <span class='ocrx_word' id='word_1_292' title='bbox 323 1640 415 1673; x_wconf 87' lang='lat' dir='ltr'>copiis</span> <span class='ocrx_word' id='word_1_293' title='bbox 435 1639 497 1667; x_wconf 84' lang='lat' dir='ltr'>ejus</span> <span class='ocrx_word' id='word_1_294' title='bbox 510 1642 665 1664; x_wconf 88' lang='lat' dir='ltr'>mutatum.</span> <span class='ocrx_word' id='word_1_295' title='bbox 683 1637 739 1662; x_wconf 81' lang='lat' dir='ltr'>Hi-</span> 
     </span>
     <span class='ocr_line' id='line_1_49' title="bbox 154 1668 739 1701; baseline -0.009 -3"><span class='ocrx_word' id='word_1_296' title='bbox 154 1671 195 1698; x_wconf 87' lang='lat' dir='ltr'>mi</span> <span class='ocrx_word' id='word_1_297' title='bbox 210 1678 260 1701; x_wconf 82' lang='lat' dir='ltr'>co,</span> <span class='ocrx_word' id='word_1_298' title='bbox 280 1678 346 1698; x_wconf 88' lang='lat' dir='ltr'>cum</span> <span class='ocrx_word' id='word_1_299' title='bbox 364 1670 582 1701; x_wconf 78' lang='lat' dir='ltr'>exercitujusto</span> <span class='ocrx_word' id='word_1_300' title='bbox 593 1685 602 1697; x_wconf 65' lang='lat'><em>2</em></span> <span class='ocrx_word' id='word_1_301' title='bbox 618 1668 739 1695; x_wconf 66' lang='lat' dir='ltr'>&amp;aneta</span> 
     </span>
     <span class='ocr_line' id='line_1_50' title="bbox 151 1701 739 1732; baseline -0.009 -2"><span class='ocrx_word' id='word_1_302' title='bbox 151 1703 252 1732; x_wconf 70' lang='lat' dir='ltr'>classe,</span> <span class='ocrx_word' id='word_1_303' title='bbox 275 1704 312 1730; x_wconf 85' lang='lat' dir='ltr'>ad</span> <span class='ocrx_word' id='word_1_304' title='bbox 323 1703 503 1730; x_wconf 84' lang='lat' dir='ltr'>retinendam</span> <span class='ocrx_word' id='word_1_305' title='bbox 515 1707 589 1728; x_wconf 85' lang='lat' dir='ltr'>terra</span> <span class='ocrx_word' id='word_1_306' title='bbox 599 1701 670 1726; x_wconf 90' lang='lat' dir='ltr'>mari</span> <span class='ocrx_word' id='word_1_307' title='bbox 692 1706 739 1729; x_wconf 88' lang='lat' dir='ltr'>ue,</span> 
     </span>
     <span class='ocr_line' id='line_1_51' title="bbox 152 1732 738 1767; baseline -0.009 -5"><span class='ocrx_word' id='word_1_308' title='bbox 152 1741 188 1762; x_wconf 83' lang='lat' dir='ltr'>ac</span> <span class='ocrx_word' id='word_1_309' title='bbox 205 1735 343 1762; x_wconf 86' lang='lat' dir='ltr'>tuendam</span> <span class='ocrx_word' id='word_1_310' title='bbox 372 1734 541 1767; x_wconf 80' lang='lat' dir='ltr'>Rispaniam</span> <span class='ocrx_word' id='word_1_311' title='bbox 561 1733 600 1759; x_wconf 81' lang='lat' dir='ltr'>est</span> <span class='ocrx_word' id='word_1_312' title='bbox 620 1732 660 1758; x_wconf 86' lang='lat' dir='ltr'>mi</span> <span class='ocrx_word' id='word_1_313' title='bbox 682 1738 738 1763; x_wconf 79' lang='lat' dir='ltr'>us;</span> 
     </span>
     <span class='ocr_line' id='line_1_52' title="bbox 154 1763 742 1804; baseline -0.009 -10"><span class='ocrx_word' id='word_1_314' title='bbox 154 1767 211 1804; x_wconf 67' lang='lat' dir='ltr'>qui</span> <span class='ocrx_word' id='word_1_315' title='bbox 228 1772 264 1794; x_wconf 88' lang='lat' dir='ltr'>ut</span> <span class='ocrx_word' id='word_1_316' title='bbox 291 1767 431 1801; x_wconf 78' lang='lat' dir='ltr'>pedestres</span> <span class='ocrx_word' id='word_1_317' title='bbox 458 1763 627 1798; x_wconf 86' lang='lat' dir='ltr'>navalesque</span> <span class='ocrx_word' id='word_1_318' title='bbox 646 1765 742 1800; x_wconf 80' lang='lat' dir='ltr'>copias</span> 
     </span>
     <span class='ocr_line' id='line_1_53' title="bbox 153 1796 741 1830; baseline -0.009 -4"><span class='ocrx_word' id='word_1_319' title='bbox 153 1799 281 1830; x_wconf 74' lang='lat' dir='ltr'>trajecit,</span> <span class='ocrx_word' id='word_1_320' title='bbox 291 1799 388 1826; x_wconf 86' lang='lat' dir='ltr'>castris</span> <span class='ocrx_word' id='word_1_321' title='bbox 398 1798 595 1826; x_wconf 85' lang='lat' dir='ltr'>communitis,</span> <span class='ocrx_word' id='word_1_322' title='bbox 611 1796 741 1822; x_wconf 83' lang='lat' dir='ltr'>navibul-</span> 
     </span>
     <span class='ocr_line' id='line_1_54' title="bbox 154 1828 741 1864; baseline -0.005 -6"><span class='ocrx_word' id='word_1_323' title='bbox 154 1837 213 1864; x_wconf 85' lang='lat' dir='ltr'>que</span> <span class='ocrx_word' id='word_1_324' title='bbox 230 1830 376 1858; x_wconf 75' lang='lat' dir='ltr'>subduffls</span> <span class='ocrx_word' id='word_1_325' title='bbox 387 1847 396 1860; x_wconf 85' lang='lat'><strong><em>‚</em></strong></span> <span class='ocrx_word' id='word_1_326' title='bbox 413 1831 443 1858; x_wconf 85' lang='lat'>&amp;</span> <span class='ocrx_word' id='word_1_327' title='bbox 461 1830 538 1856; x_wconf 89' lang='lat' dir='ltr'>vallo</span> <span class='ocrx_word' id='word_1_328' title='bbox 548 1828 741 1855; x_wconf 80' lang='lat' dir='ltr'>circumdatis,</span> 
     </span>
     <span class='ocr_line' id='line_1_55' title="bbox 153 1860 742 1896; baseline -0.008 -6"><span class='ocrx_word' id='word_1_329' title='bbox 153 1869 221 1890; x_wconf 79' lang='lat' dir='ltr'>cum</span> <span class='ocrx_word' id='word_1_330' title='bbox 231 1863 380 1896; x_wconf 86' lang='lat' dir='ltr'>equitibus</span> <span class='ocrx_word' id='word_1_331' title='bbox 388 1862 505 1889; x_wconf 71' lang='lat' dir='ltr'>delestis</span> <span class='ocrx_word' id='word_1_332' title='bbox 517 1860 583 1892; x_wconf 77' lang='lat' dir='ltr'>ipse,</span> <span class='ocrx_word' id='word_1_333' title='bbox 600 1866 742 1892; x_wconf 90' lang='lat' dir='ltr'>quantum</span> 
     </span>
     <span class='ocr_line' id='line_1_56' title="bbox 153 1892 743 1925; baseline -0.007 -4"><span class='ocrx_word' id='word_1_334' title='bbox 153 1895 279 1921; x_wconf 81' lang='lat' dir='ltr'>maxime</span> <span class='ocrx_word' id='word_1_335' title='bbox 297 1896 454 1922; x_wconf 87' lang='lat' dir='ltr'>accelerare</span> <span class='ocrx_word' id='word_1_336' title='bbox 474 1898 587 1925; x_wconf 87' lang='lat' dir='ltr'>poterat</span> <span class='ocrx_word' id='word_1_337' title='bbox 598 1907 607 1920; x_wconf 82' lang='lat'><strong>‚</strong></span> <span class='ocrx_word' id='word_1_338' title='bbox 625 1899 675 1924; x_wconf 85' lang='lat' dir='ltr'>per</span> <span class='ocrx_word' id='word_1_339' title='bbox 687 1892 743 1918; x_wconf 85' lang='lat' dir='ltr'>du-</span> 
     </span>
     <span class='ocr_line' id='line_1_57' title="bbox 153 1924 741 1960; baseline -0.009 -7"><span class='ocrx_word' id='word_1_340' title='bbox 153 1926 221 1953; x_wconf 77' lang='lat' dir='ltr'>bios</span> <span class='ocrx_word' id='word_1_341' title='bbox 231 1925 407 1960; x_wconf 83' lang='lat' dir='ltr'>infestosque</span> <span class='ocrx_word' id='word_1_342' title='bbox 415 1926 539 1959; x_wconf 79' lang='lat' dir='ltr'>populos</span> <span class='ocrx_word' id='word_1_343' title='bbox 550 1925 635 1956; x_wconf 81' lang='lat' dir='ltr'>juxta</span> <span class='ocrx_word' id='word_1_344' title='bbox 645 1924 741 1949; x_wconf 89' lang='lat' dir='ltr'>inten-</span> 
     </span>
     <span class='ocr_line' id='line_1_58' title="bbox 154 1956 743 1989; baseline -0.008 -4"><span class='ocrx_word' id='word_1_345' title='bbox 154 1961 205 1985; x_wconf 84' lang='lat' dir='ltr'>tus</span> <span class='ocrx_word' id='word_1_346' title='bbox 223 1959 259 1985; x_wconf 89' lang='lat' dir='ltr'>ad</span> <span class='ocrx_word' id='word_1_347' title='bbox 279 1957 471 1985; x_wconf 81' lang='lat' dir='ltr'>Asdrubalem</span> <span class='ocrx_word' id='word_1_348' title='bbox 481 1957 622 1989; x_wconf 81' lang='lat' dir='ltr'>pervenit.</span> <span class='ocrx_word' id='word_1_349' title='bbox 645 1956 743 1987; x_wconf 78' lang='lat' dir='ltr'>Quum</span> 
     </span>
     <span class='ocr_line' id='line_1_59' title="bbox 154 1986 745 2021; baseline -0.007 -4"><span class='ocrx_word' id='word_1_350' title='bbox 154 1990 270 2017; x_wconf 79' lang='lat' dir='ltr'>decreta</span> <span class='ocrx_word' id='word_1_351' title='bbox 279 1990 393 2017; x_wconf 86' lang='lat' dir='ltr'>senatus</span> <span class='ocrx_word' id='word_1_352' title='bbox 402 1990 593 2021; x_wconf 89' lang='lat' dir='ltr'>mandataque</span> <span class='ocrx_word' id='word_1_353' title='bbox 599 1986 745 2020; x_wconf 83' lang='lat' dir='ltr'>exposuis-</span> 
     </span>
     <span class='ocr_line' id='line_1_60' title="bbox 154 2019 742 2055; baseline -0.005 -8"><span class='ocrx_word' id='word_1_354' title='bbox 154 2020 218 2051; x_wconf 86' lang='lat' dir='ltr'>set,</span> <span class='ocrx_word' id='word_1_355' title='bbox 236 2027 325 2055; x_wconf 85' lang='lat' dir='ltr'>atque</span> <span class='ocrx_word' id='word_1_356' title='bbox 344 2021 503 2049; x_wconf 81' lang='lat' dir='ltr'>edidicisset</span> <span class='ocrx_word' id='word_1_357' title='bbox 523 2019 582 2053; x_wconf 85' lang='lat' dir='ltr'>ipse</span> <span class='ocrx_word' id='word_1_358' title='bbox 601 2020 742 2048; x_wconf 81' lang='lat' dir='ltr'>invicem,</span> 
     </span>
     <span class='ocr_line' id='line_1_61' title="bbox 155 2051 741 2086; baseline -0.007 -5"><span class='ocrx_word' id='word_1_359' title='bbox 155 2055 399 2086; x_wconf 81' lang='lat' dir='ltr'>quemadmodum</span> <span class='ocrx_word' id='word_1_360' title='bbox 427 2053 608 2081; x_wconf 64' lang='lat' dir='ltr'>tractandum</span> <span class='ocrx_word' id='word_1_361' title='bbox 633 2051 741 2077; x_wconf 88' lang='lat' dir='ltr'>bellum</span> 
     </span>
     <span class='ocr_line' id='line_1_62' title="bbox 154 2083 744 2124; baseline -0.005 -12"><span class='ocrx_word' id='word_1_362' title='bbox 154 2086 189 2113; x_wconf 74' lang='lat' dir='ltr'>in</span> <span class='ocrx_word' id='word_1_363' title='bbox 201 2086 340 2124; x_wconf 54' lang='lat' dir='ltr'>Iffiispania</span> <span class='ocrx_word' id='word_1_364' title='bbox 351 2086 429 2113; x_wconf 82' lang='lat' dir='ltr'>foret</span> <span class='ocrx_word' id='word_1_365' title='bbox 438 2103 447 2115; x_wconf 87' lang='lat'>‚</span> <span class='ocrx_word' id='word_1_366' title='bbox 467 2090 547 2112; x_wconf 90' lang='lat' dir='ltr'>retro</span> <span class='ocrx_word' id='word_1_367' title='bbox 557 2085 586 2110; x_wconf 86' lang='lat' dir='ltr'>in</span> <span class='ocrx_word' id='word_1_368' title='bbox 598 2083 647 2110; x_wconf 88' lang='lat' dir='ltr'>sua</span> <span class='ocrx_word' id='word_1_369' title='bbox 655 2084 744 2110; x_wconf 85' lang='lat' dir='ltr'>castra</span> 
     </span>
     <span class='ocr_line' id='line_1_63' title="bbox 154 2116 741 2150; baseline -0.005 -6"><span class='ocrx_word' id='word_1_370' title='bbox 154 2118 266 2149; x_wconf 57' lang='lat' dir='ltr'>redum</span> <span class='ocrx_word' id='word_1_371' title='bbox 283 2118 366 2145; x_wconf 88' lang='lat' dir='ltr'>nulla</span> <span class='ocrx_word' id='word_1_372' title='bbox 385 2125 416 2144; x_wconf 85' lang='lat' dir='ltr'>re</span> <span class='ocrx_word' id='word_1_373' title='bbox 433 2124 519 2150; x_wconf 83' lang='lat' dir='ltr'>quarn</span> <span class='ocrx_word' id='word_1_374' title='bbox 539 2116 683 2142; x_wconf 88' lang='lat' dir='ltr'>celeritate</span> <span class='ocrx_word' id='word_1_375' title='bbox 695 2121 741 2142; x_wconf 90' lang='lat' dir='ltr'>tu-</span> 
     </span>
     <span class='ocr_line' id='line_1_64' title="bbox 155 2149 741 2182; baseline -0.009 -5"><span class='ocrx_word' id='word_1_376' title='bbox 155 2150 226 2177; x_wconf 71' lang='lat' dir='ltr'>tior,</span> <span class='ocrx_word' id='word_1_377' title='bbox 236 2151 317 2182; x_wconf 89' lang='lat' dir='ltr'>quod</span> <span class='ocrx_word' id='word_1_378' title='bbox 325 2150 457 2182; x_wconf 87' lang='lat' dir='ltr'>undique</span> <span class='ocrx_word' id='word_1_379' title='bbox 465 2149 741 2179; x_wconf 84' lang='lat' dir='ltr'>abierat,antequam</span> 
     </span>
     <span class='ocr_line' id='line_1_65' title="bbox 155 2178 740 2212; baseline -0.007 -3"><span class='ocrx_word' id='word_1_380' title='bbox 155 2180 369 2209; x_wconf 79' lang='lat' dir='ltr'>consentirent.</span> <span class='ocrx_word' id='word_1_381' title='bbox 387 2181 531 2209; x_wconf 81' lang='lat' dir='ltr'>Asdrubal</span> <span class='ocrx_word' id='word_1_382' title='bbox 545 2197 552 2209; x_wconf 81' lang='lat'>‚</span> <span class='ocrx_word' id='word_1_383' title='bbox 576 2178 740 2212; x_wconf 82' lang='lat' dir='ltr'>priusquam</span> 
     </span>
     <span class='ocr_line' id='line_1_66' title="bbox 156 2213 743 2245; baseline -0.005 -5"><span class='ocrx_word' id='word_1_384' title='bbox 156 2219 287 2241; x_wconf 86' lang='lat' dir='ltr'>moveret</span> <span class='ocrx_word' id='word_1_385' title='bbox 296 2215 386 2240; x_wconf 86' lang='lat' dir='ltr'>castra</span> <span class='ocrx_word' id='word_1_386' title='bbox 395 2230 403 2241; x_wconf 77' lang='lat'>‚</span> <span class='ocrx_word' id='word_1_387' title='bbox 417 2214 551 2245; x_wconf 82' lang='lat' dir='ltr'>pecunias</span> <span class='ocrx_word' id='word_1_388' title='bbox 561 2213 680 2242; x_wconf 87' lang='lat' dir='ltr'>imperat</span> <span class='ocrx_word' id='word_1_389' title='bbox 690 2218 743 2244; x_wconf 87' lang='lat' dir='ltr'>po-</span> 
     </span>
     <span class='ocr_line' id='line_1_67' title="bbox 156 2243 744 2280; baseline -0.005 -8"><span class='ocrx_word' id='word_1_390' title='bbox 156 2245 236 2278; x_wconf 81' lang='lat' dir='ltr'>pulis</span> <span class='ocrx_word' id='word_1_391' title='bbox 244 2246 379 2272; x_wconf 88' lang='lat' dir='ltr'>omnibus</span> <span class='ocrx_word' id='word_1_392' title='bbox 388 2244 443 2272; x_wconf 77' lang='lat' dir='ltr'>suae</span> <span class='ocrx_word' id='word_1_393' title='bbox 453 2245 587 2280; x_wconf 82' lang='lat' dir='ltr'>ditionls;</span> <span class='ocrx_word' id='word_1_394' title='bbox 599 2243 668 2271; x_wconf 84' lang='lat' dir='ltr'>satis</span> <span class='ocrx_word' id='word_1_395' title='bbox 695 2250 744 2269; x_wconf 87' lang='lat' dir='ltr'>na-</span> 
     </span>
     <span class='ocr_line' id='line_1_68' title="bbox 157 2277 741 2316; baseline -0.003 -13"><span class='ocrx_word' id='word_1_396' title='bbox 157 2283 233 2316; x_wconf 64' lang='lat' dir='ltr'>rus,⁴</span> <span class='ocrx_word' id='word_1_397' title='bbox 247 2278 425 2304; x_wconf 84' lang='lat' dir='ltr'>Annibalem</span> <span class='ocrx_word' id='word_1_398' title='bbox 447 2277 584 2304; x_wconf 71' lang='lat' dir='ltr'>transitus</span> <span class='ocrx_word' id='word_1_399' title='bbox 604 2282 664 2306; x_wconf 77' lang='lat' dir='ltr'>quo</span> <span class='ocrx_word' id='word_1_400' title='bbox 714 2282 741 2301; x_wconf 90' lang='lat' dir='ltr'>m</span> 
     </span>
     <span class='ocr_line' id='line_1_69' title="bbox 157 2307 743 2341; baseline -0.003 -6"><span class='ocrx_word' id='word_1_401' title='bbox 157 2314 255 2341; x_wconf 76' lang='lat' dir='ltr'>pretio</span> <span class='ocrx_word' id='word_1_402' title='bbox 272 2315 427 2337; x_wconf 86' lang='lat' dir='ltr'>mercatum</span> <span class='ocrx_word' id='word_1_403' title='bbox 439 2318 446 2335; x_wconf 85' lang='lat'><strong>:</strong></span> <span class='ocrx_word' id='word_1_404' title='bbox 468 2315 520 2336; x_wconf 89' lang='lat' dir='ltr'>nec</span> <span class='ocrx_word' id='word_1_405' title='bbox 530 2308 638 2334; x_wconf 83' lang='lat' dir='ltr'>auxilia</span> <span class='ocrx_word' id='word_1_406' title='bbox 648 2307 743 2334; x_wconf 84' lang='lat' dir='ltr'>Galli-</span> 
     </span>
     <span class='ocr_line' id='line_1_70' title="bbox 160 2339 742 2374; baseline -0.003 -8"><span class='ocrx_word' id='word_1_407' title='bbox 160 2347 196 2367; x_wconf 83' lang='lat' dir='ltr'>ca</span> <span class='ocrx_word' id='word_1_408' title='bbox 204 2341 289 2367; x_wconf 88' lang='lat' dir='ltr'>aliter</span> <span class='ocrx_word' id='word_1_409' title='bbox 297 2348 383 2374; x_wconf 87' lang='lat' dir='ltr'>quam</span> <span class='ocrx_word' id='word_1_410' title='bbox 391 2341 531 2368; x_wconf 63' lang='lat' dir='ltr'>conducta</span> <span class='ocrx_word' id='word_1_411' title='bbox 539 2339 663 2366; x_wconf 80' lang='lat' dir='ltr'>habuisse</span> <span class='ocrx_word' id='word_1_412' title='bbox 676 2345 684 2371; x_wconf 82' lang='lat'>3</span> <span class='ocrx_word' id='word_1_413' title='bbox 697 2340 742 2365; x_wconf 92' lang='lat' dir='ltr'>in-</span> 
     </span>
    </p>
   </div>
   <div class='ocr_carea' id='block_1_2' title="bbox 161 2368 768 2424">
    <p class='ocr_par' dir='ltr' id='par_1_2' title="bbox 161 2368 768 2424">
     <span class='ocr_line' id='line_1_71' title="bbox 161 2368 768 2424; baseline -0.013 -18"><span class='ocrx_word' id='word_1_414' title='bbox 161 2378 248 2406; x_wconf 62' lang='lat' dir='ltr'>opem</span> <span class='ocrx_word' id='word_1_415' title='bbox 259 2378 374 2404; x_wconf 74' lang='lat' dir='ltr'>tantum</span> <span class='ocrx_word' id='word_1_416' title='bbox 380 2375 438 2403; x_wconf 78' lang='lat' dir='ltr'>iter</span> <span class='ocrx_word' id='word_1_417' title='bbox 447 2371 599 2407; x_wconf 66' lang='lat' dir='ltr'>ingressum</span> <span class='ocrx_word' id='word_1_418' title='bbox 610 2387 620 2403; x_wconf 59' lang='grc' dir='ltr'><strong>ι</strong></span> <span class='ocrx_word' id='word_1_419' title='bbox 636 2372 684 2399; x_wconf 85' lang='lat' dir='ltr'>vix</span> <span class='ocrx_word' id='word_1_420' title='bbox 694 2377 743 2405; x_wconf 75' lang='lat' dir='ltr'>pe-</span> <span class='ocrx_word' id='word_1_421' title='bbox 761 2368 768 2424; x_wconf 43' lang='lat' dir='ltr'>i</span> 
     </span>
    </p>
   </div>
   <div class='ocr_carea' id='block_1_3' title="bbox 762 1749 768 2288">
    <p class='ocr_par' dir='ltr' id='par_1_3' title="bbox 762 1749 768 2288">
     <span class='ocr_line' id='line_1_72' title="bbox 762 1749 768 2288; baseline 0 0"><span class='ocrx_word' id='word_1_422' title='bbox 762 1749 768 2288; x_wconf 95' lang='lat' dir='ltr'> </span> 
     </span>
    </p>
   </div>
   <div class='ocr_carea' id='block_1_4' title="bbox 590 97 918 133">
    <p class='ocr_par' dir='ltr' id='par_1_4' title="bbox 590 97 918 133">
     <span class='ocr_line' id='line_1_73' title="bbox 590 97 918 133; baseline 0.006 -2"><span class='ocrx_word' id='word_1_423' title='bbox 590 97 918 133; x_wconf 78' lang='lat' dir='ltr'>T.L1vtt</span> 
     </span>
    </p>
   </div>
   <div class='ocr_carea' id='block_1_5' title="bbox 774 140 1392 2426">
    <p class='ocr_par' dir='ltr' id='par_1_5' title="bbox 774 140 1368 997">
     <span class='ocr_line' id='line_1_74' title="bbox 775 140 1355 182; baseline 0 -12"><span class='ocrx_word' id='word_1_424' title='bbox 775 148 955 182; x_wconf 69' lang='lat' dir='ltr'>petrarumm</span> <span class='ocrx_word' id='word_1_425' title='bbox 973 143 1011 170; x_wconf 85' lang='lat' dir='ltr'>ad</span> <span class='ocrx_word' id='word_1_426' title='bbox 1022 143 1107 175; x_wconf 82' lang='lat' dir='ltr'>Alpes</span> <span class='ocrx_word' id='word_1_427' title='bbox 1117 140 1206 170; x_wconf 71' lang='lat' dir='ltr'>fame.</span> <span class='ocrx_word' id='word_1_428' title='bbox 1224 142 1355 174; x_wconf 80' lang='lat' dir='ltr'>pecuniis</span> 
     </span>
     <span class='ocr_line' id='line_1_75' title="bbox 774 174 1353 231; baseline 0.002 -30"><span class='ocrx_word' id='word_1_429' title='bbox 774 181 867 231; x_wconf 37' lang='lat' dir='ltr'>igitur</span> <span class='ocrx_word' id='word_1_430' title='bbox 877 177 982 208; x_wconf 84' lang='lat' dir='ltr'>raptim</span> <span class='ocrx_word' id='word_1_431' title='bbox 991 175 1096 201; x_wconf 73' lang='lat' dir='ltr'>exastis</span> <span class='ocrx_word' id='word_1_432' title='bbox 1104 190 1113 203; x_wconf 80' lang='lat'>‚</span> <span class='ocrx_word' id='word_1_433' title='bbox 1132 175 1169 203; x_wconf 86' lang='lat' dir='ltr'>ad</span> <span class='ocrx_word' id='word_1_434' title='bbox 1179 174 1293 206; x_wconf 80' lang='lat' dir='ltr'>Iberum</span> <span class='ocrx_word' id='word_1_435' title='bbox 1301 177 1353 202; x_wconf 83' lang='lat' dir='ltr'>de-</span> 
     </span>
     <span class='ocr_line' id='line_1_76' title="bbox 787 205 1353 234; baseline 0 -1"><span class='ocrx_word' id='word_1_436' title='bbox 787 208 896 234; x_wconf 86' lang='lat' dir='ltr'>cendit.</span> <span class='ocrx_word' id='word_1_437' title='bbox 932 210 1054 234; x_wconf 83' lang='lat' dir='ltr'>Decreta</span> <span class='ocrx_word' id='word_1_438' title='bbox 1075 209 1144 233; x_wconf 84' lang='lat' dir='ltr'>Cart</span> <span class='ocrx_word' id='word_1_439' title='bbox 1201 205 1353 233; x_wconf 76' lang='lat' dir='ltr'>‘nienlium</span> 
     </span>
     <span class='ocr_line' id='line_1_77' title="bbox 774 238 1356 266; baseline -0.003 0"><span class='ocrx_word' id='word_1_440' title='bbox 774 238 804 266; x_wconf 75' lang='lat' dir='ltr'>Sc</span> <span class='ocrx_word' id='word_1_441' title='bbox 821 238 989 266; x_wconf 76' lang='lat' dir='ltr'>Asdrubalis</span> <span class='ocrx_word' id='word_1_442' title='bbox 1007 240 1064 266; x_wconf 85' lang='lat' dir='ltr'>iter</span> <span class='ocrx_word' id='word_1_443' title='bbox 1083 239 1135 265; x_wconf 87' lang='lat' dir='ltr'>ubi</span> <span class='ocrx_word' id='word_1_444' title='bbox 1153 244 1170 264; x_wconf 85' lang='lat' dir='ltr'>a</span> <span class='ocrx_word' id='word_1_445' title='bbox 1208 239 1356 264; x_wconf 72' lang='lat' dir='ltr'>Romanos</span> 
     </span>
     <span class='ocr_line' id='line_1_78' title="bbox 775 268 1368 303; baseline -0.003 -7"><span class='ocrx_word' id='word_1_446' title='bbox 775 269 845 297; x_wconf 89' lang='lat' dir='ltr'>sunt</span> <span class='ocrx_word' id='word_1_447' title='bbox 854 272 962 303; x_wconf 81' lang='lat' dir='ltr'>perlata</span> <span class='ocrx_word' id='word_1_448' title='bbox 973 287 982 300; x_wconf 91' lang='lat'><strong>‚</strong></span> <span class='ocrx_word' id='word_1_449' title='bbox 1002 271 1137 297; x_wconf 87' lang='lat' dir='ltr'>omnibus</span> <span class='ocrx_word' id='word_1_450' title='bbox 1145 269 1252 296; x_wconf 86' lang='lat' dir='ltr'>omissis</span> <span class='ocrx_word' id='word_1_451' title='bbox 1261 268 1368 298; x_wconf 81' lang='lat' dir='ltr'>rebus‚-.</span> 
     </span>
     <span class='ocr_line' id='line_1_79' title="bbox 774 300 1356 335; baseline -0.003 -7"><span class='ocrx_word' id='word_1_452' title='bbox 774 303 859 329; x_wconf 84' lang='lat' dir='ltr'>ambo</span> <span class='ocrx_word' id='word_1_453' title='bbox 869 304 964 331; x_wconf 80' lang='lat' dir='ltr'>duces,</span> <span class='ocrx_word' id='word_1_454' title='bbox 975 302 1082 334; x_wconf 76' lang='lat' dir='ltr'>junstis</span> <span class='ocrx_word' id='word_1_455' title='bbox 1092 301 1235 335; x_wconf 85' lang='lat' dir='ltr'>copiis‚ire</span> <span class='ocrx_word' id='word_1_456' title='bbox 1243 300 1356 327; x_wconf 84' lang='lat' dir='ltr'>obviarn</span> 
     </span>
     <span class='ocr_line' id='line_1_80' title="bbox 776 330 1357 368; baseline -0.003 -8"><span class='ocrx_word' id='word_1_457' title='bbox 776 335 877 366; x_wconf 84' lang='lat' dir='ltr'>coeptis</span> <span class='ocrx_word' id='word_1_458' title='bbox 888 341 976 368; x_wconf 82' lang='lat' dir='ltr'>atque</span> <span class='ocrx_word' id='word_1_459' title='bbox 986 334 1116 360; x_wconf 76' lang='lat' dir='ltr'>obsistere</span> <span class='ocrx_word' id='word_1_460' title='bbox 1126 339 1227 366; x_wconf 89' lang='lat' dir='ltr'>parant</span> <span class='ocrx_word' id='word_1_461' title='bbox 1239 338 1249 363; x_wconf 69' lang='grc' dir='ltr'><strong>ς</strong></span> <span class='ocrx_word' id='word_1_462' title='bbox 1267 333 1323 359; x_wconf 81' lang='lat' dir='ltr'>rati</span> <span class='ocrx_word' id='word_1_463' title='bbox 1332 330 1357 358; x_wconf 81' lang='lat' dir='ltr'><strong>fi</strong></span> 
     </span>
     <span class='ocr_line' id='line_1_81' title="bbox 776 363 1355 396; baseline -0.003 -4"><span class='ocrx_word' id='word_1_464' title='bbox 776 367 936 394; x_wconf 85' lang='lat' dir='ltr'>Annibali,</span> <span class='ocrx_word' id='word_1_465' title='bbox 953 368 1003 392; x_wconf 80' lang='lat' dir='ltr'>vix</span> <span class='ocrx_word' id='word_1_466' title='bbox 1040 373 1070 392; x_wconf 88' lang='lat' dir='ltr'>er</span> <span class='ocrx_word' id='word_1_467' title='bbox 1089 365 1118 391; x_wconf 88' lang='lat' dir='ltr'>se</span> <span class='ocrx_word' id='word_1_468' title='bbox 1136 366 1189 396; x_wconf 80' lang='lat' dir='ltr'>ipii</span> <span class='ocrx_word' id='word_1_469' title='bbox 1200 363 1355 391; x_wconf 83' lang='lat' dir='ltr'>tolerando</span> 
     </span>
     <span class='ocr_line' id='line_1_82' title="bbox 777 394 1356 428; baseline -0.005 -4"><span class='ocrx_word' id='word_1_470' title='bbox 777 398 867 424; x_wconf 75' lang='lat' dir='ltr'>Italiae</span> <span class='ocrx_word' id='word_1_471' title='bbox 878 399 951 425; x_wconf 81' lang='lat' dir='ltr'>hosti</span> <span class='ocrx_word' id='word_1_472' title='bbox 963 415 971 428; x_wconf 92' lang='lat'>‚</span> <span class='ocrx_word' id='word_1_473' title='bbox 984 401 1008 424; x_wconf 86' lang='lat' dir='ltr'>A</span> <span class='ocrx_word' id='word_1_474' title='bbox 1024 394 1356 428; x_wconf 60' lang='lat' dir='ltr'>drubalduxatquel—ll-</span> 
     </span>
     <span class='ocr_line' id='line_1_83' title="bbox 775 426 1357 461; baseline -0.003 -7"><span class='ocrx_word' id='word_1_475' title='bbox 775 429 926 461; x_wconf 64' lang='lat' dir='ltr'>spaniensis</span> <span class='ocrx_word' id='word_1_476' title='bbox 938 430 1081 456; x_wconf 83' lang='lat' dir='ltr'>exercitus</span> <span class='ocrx_word' id='word_1_477' title='bbox 1095 429 1159 455; x_wconf 77' lang='lat' dir='ltr'>effer</span> <span class='ocrx_word' id='word_1_478' title='bbox 1169 428 1285 459; x_wconf 70' lang='lat' dir='ltr'>Junttus</span> <span class='ocrx_word' id='word_1_479' title='bbox 1294 442 1302 456; x_wconf 91' lang='lat'><em>‚</em></span> <span class='ocrx_word' id='word_1_480' title='bbox 1321 426 1357 452; x_wconf 56' lang='lat' dir='ltr'>il*</span> 
     </span>
     <span class='ocr_line' id='line_1_84' title="bbox 775 458 1358 492; baseline -0.007 -5"><span class='ocrx_word' id='word_1_481' title='bbox 775 462 835 488; x_wconf 87' lang='lat' dir='ltr'>lum</span> <span class='ocrx_word' id='word_1_482' title='bbox 850 463 974 488; x_wconf 85' lang='lat' dir='ltr'>Romani</span> <span class='ocrx_word' id='word_1_483' title='bbox 986 461 1075 487; x_wconf 84' lang='lat' dir='ltr'>finem</span> <span class='ocrx_word' id='word_1_484' title='bbox 1086 461 1199 492; x_wconf 79' lang='lat' dir='ltr'>imperii</span> <span class='ocrx_word' id='word_1_485' title='bbox 1212 459 1284 485; x_wconf 82' lang='lat' dir='ltr'>fore.</span> <span class='ocrx_word' id='word_1_486' title='bbox 1302 458 1358 484; x_wconf 82' lang='lat' dir='ltr'>His</span> 
     </span>
     <span class='ocr_line' id='line_1_85' title="bbox 775 490 1356 522; baseline -0.005 -4"><span class='ocrx_word' id='word_1_487' title='bbox 775 493 859 520; x_wconf 89' lang='lat' dir='ltr'>anxii</span> <span class='ocrx_word' id='word_1_488' title='bbox 879 495 975 522; x_wconf 78' lang='lat' dir='ltr'>curis,</span> <span class='ocrx_word' id='word_1_489' title='bbox 995 494 1030 520; x_wconf 86' lang='lat' dir='ltr'>ad</span> <span class='ocrx_word' id='word_1_490' title='bbox 1052 494 1166 518; x_wconf 86' lang='lat' dir='ltr'>Iberum</span> <span class='ocrx_word' id='word_1_491' title='bbox 1175 490 1356 517; x_wconf 83' lang='lat' dir='ltr'>contrahunt</span> 
     </span>
     <span class='ocr_line' id='line_1_86' title="bbox 776 522 1368 560; baseline -0.008 -8"><span class='ocrx_word' id='word_1_492' title='bbox 776 525 889 557; x_wconf 79' lang='lat' dir='ltr'>copias,</span> <span class='ocrx_word' id='word_1_493' title='bbox 908 526 938 560; x_wconf 78' lang='grc' dir='ltr'>ὃς</span> <span class='ocrx_word' id='word_1_494' title='bbox 956 524 1080 552; x_wconf 82' lang='lat' dir='ltr'>transito</span> <span class='ocrx_word' id='word_1_495' title='bbox 1099 530 1190 551; x_wconf 85' lang='lat' dir='ltr'>amne,</span> <span class='ocrx_word' id='word_1_496' title='bbox 1202 529 1292 554; x_wconf 84' lang='lat' dir='ltr'>quum</span> <span class='ocrx_word' id='word_1_497' title='bbox 1302 522 1368 548; x_wconf 89' lang='lat' dir='ltr'>diu.</span> 
     </span>
     <span class='ocr_line' id='line_1_87' title="bbox 774 553 1360 586; baseline -0.007 -2"><span class='ocrx_word' id='word_1_498' title='bbox 774 556 977 584; x_wconf 83' lang='lat' dir='ltr'>consultaflent</span> <span class='ocrx_word' id='word_1_499' title='bbox 993 573 1001 586; x_wconf 86' lang='lat'>‚</span> <span class='ocrx_word' id='word_1_500' title='bbox 1030 561 1129 582; x_wconf 87' lang='lat' dir='ltr'>utrum</span> <span class='ocrx_word' id='word_1_501' title='bbox 1157 556 1244 582; x_wconf 83' lang='lat' dir='ltr'>castra</span> <span class='ocrx_word' id='word_1_502' title='bbox 1261 553 1360 580; x_wconf 73' lang='lat' dir='ltr'>castris</span> 
     </span>
     <span class='ocr_line' id='line_1_88' title="bbox 775 585 1357 616; baseline -0.007 -1"><span class='ocrx_word' id='word_1_503' title='bbox 775 589 941 615; x_wconf 82' lang='lat' dir='ltr'>conferrent</span> <span class='ocrx_word' id='word_1_504' title='bbox 951 604 959 616; x_wconf 73' lang='grc'>,</span> <span class='ocrx_word' id='word_1_505' title='bbox 980 595 1016 614; x_wconf 85' lang='lat' dir='ltr'>an</span> <span class='ocrx_word' id='word_1_506' title='bbox 1025 588 1092 615; x_wconf 66' lang='lat' dir='ltr'>stads</span> <span class='ocrx_word' id='word_1_507' title='bbox 1103 587 1242 613; x_wconf 87' lang='lat' dir='ltr'>haberent</span> <span class='ocrx_word' id='word_1_508' title='bbox 1253 602 1262 615; x_wconf 78' lang='lat'><strong><em>‚</em></strong></span> <span class='ocrx_word' id='word_1_509' title='bbox 1273 585 1357 612; x_wconf 69' lang='lat' dir='ltr'>sociis</span> 
     </span>
     <span class='ocr_line' id='line_1_89' title="bbox 774 618 1358 653; baseline -0.007 -8"><span class='ocrx_word' id='word_1_510' title='bbox 774 620 1056 653; x_wconf 73' lang='lat' dir='ltr'>carthaginiensium</span> <span class='ocrx_word' id='word_1_511' title='bbox 1064 618 1266 652; x_wconf 79' lang='lat' dir='ltr'>oppugnandis</span> <span class='ocrx_word' id='word_1_512' title='bbox 1277 634 1284 646; x_wconf 86' lang='lat'>.</span> <span class='ocrx_word' id='word_1_513' title='bbox 1295 623 1358 642; x_wconf 89' lang='lat' dir='ltr'>mo-</span> 
     </span>
     <span class='ocr_line' id='line_1_90' title="bbox 774 650 1357 684; baseline -0.007 -7"><span class='ocrx_word' id='word_1_514' title='bbox 774 653 831 679; x_wconf 84' lang='lat' dir='ltr'>rari</span> <span class='ocrx_word' id='word_1_515' title='bbox 843 653 875 678; x_wconf 88' lang='lat' dir='ltr'>ab</span> <span class='ocrx_word' id='word_1_516' title='bbox 886 654 990 679; x_wconf 84' lang='lat' dir='ltr'>itinere</span> <span class='ocrx_word' id='word_1_517' title='bbox 1002 651 1149 684; x_wconf 73' lang='lat' dir='ltr'>proposito</span> <span class='ocrx_word' id='word_1_518' title='bbox 1159 650 1265 676; x_wconf 68' lang='lat' dir='ltr'>hostem</span> <span class='ocrx_word' id='word_1_519' title='bbox 1278 656 1286 679; x_wconf 82' lang='lat'>3</span> <span class='ocrx_word' id='word_1_520' title='bbox 1307 655 1357 674; x_wconf 86' lang='lat' dir='ltr'>ur-</span> 
     </span>
     <span class='ocr_line' id='line_1_91' title="bbox 776 682 1361 717; baseline -0.012 -6"><span class='ocrx_word' id='word_1_521' title='bbox 776 684 838 710; x_wconf 88' lang='lat' dir='ltr'>bem</span> <span class='ocrx_word' id='word_1_522' title='bbox 850 683 866 710; x_wconf 75' lang='lat' dir='ltr'>a</span> <span class='ocrx_word' id='word_1_523' title='bbox 878 685 1045 717; x_wconf 87' lang='lat' dir='ltr'>propinquo</span> <span class='ocrx_word' id='word_1_524' title='bbox 1057 683 1177 709; x_wconf 85' lang='lat' dir='ltr'>flumine</span> <span class='ocrx_word' id='word_1_525' title='bbox 1189 682 1297 708; x_wconf 81' lang='lat' dir='ltr'>lberam</span> <span class='ocrx_word' id='word_1_526' title='bbox 1308 686 1361 711; x_wconf 86' lang='lat' dir='ltr'>ap-</span> 
     </span>
     <span class='ocr_line' id='line_1_92' title="bbox 776 715 1355 754; baseline -0.007 -12"><span class='ocrx_word' id='word_1_527' title='bbox 776 716 910 747; x_wconf 79' lang='lat' dir='ltr'>pellatam</span> <span class='ocrx_word' id='word_1_528' title='bbox 921 733 929 745; x_wconf 90' lang='lat'>,</span> <span class='ocrx_word' id='word_1_529' title='bbox 952 715 1196 754; x_wconf 71' lang='lat' dir='ltr'>opulentissimam</span> <span class='ocrx_word' id='word_1_530' title='bbox 1205 720 1237 739; x_wconf 86' lang='lat' dir='ltr'>ea</span> <span class='ocrx_word' id='word_1_531' title='bbox 1248 718 1355 744; x_wconf 82' lang='lat' dir='ltr'>tempe-</span> 
     </span>
     <span class='ocr_line' id='line_1_93' title="bbox 775 748 1360 780; baseline -0.007 -7"><span class='ocrx_word' id='word_1_532' title='bbox 775 748 849 774; x_wconf 87' lang='lat' dir='ltr'>state</span> <span class='ocrx_word' id='word_1_533' title='bbox 866 748 992 780; x_wconf 61' lang='lat' dir='ltr'>remonis</span> <span class='ocrx_word' id='word_1_534' title='bbox 1011 753 1073 772; x_wconf 63' lang='lat' dir='ltr'>evus</span> <span class='ocrx_word' id='word_1_535' title='bbox 1090 761 1098 774; x_wconf 84' lang='lat'><strong>‚</strong></span> <span class='ocrx_word' id='word_1_536' title='bbox 1125 751 1293 777; x_wconf 76' lang='lat' dir='ltr'>oppugnare</span> <span class='ocrx_word' id='word_1_537' title='bbox 1313 750 1360 776; x_wconf 88' lang='lat' dir='ltr'>pa-</span> 
     </span>
     <span class='ocr_line' id='line_1_94' title="bbox 776 777 1359 811; baseline -0.009 -6"><span class='ocrx_word' id='word_1_538' title='bbox 776 785 853 805; x_wconf 90' lang='lat' dir='ltr'>rant.</span> <span class='ocrx_word' id='word_1_539' title='bbox 870 781 949 811; x_wconf 85' lang='lat' dir='ltr'>quod</span> <span class='ocrx_word' id='word_1_540' title='bbox 960 779 1010 805; x_wconf 87' lang='lat' dir='ltr'>ubi</span> <span class='ocrx_word' id='word_1_541' title='bbox 1035 778 1108 804; x_wconf 80' lang='lat' dir='ltr'>enlir</span> <span class='ocrx_word' id='word_1_542' title='bbox 1121 777 1285 804; x_wconf 85' lang='lat' dir='ltr'>Asdrubal,</span> <span class='ocrx_word' id='word_1_543' title='bbox 1303 781 1359 807; x_wconf 85' lang='lat' dir='ltr'>pro</span> 
     </span>
     <span class='ocr_line' id='line_1_95' title="bbox 777 805 1366 847; baseline -0.008 -10"><span class='ocrx_word' id='word_1_544' title='bbox 777 818 831 843; x_wconf 88' lang='lat' dir='ltr'>ope</span> <span class='ocrx_word' id='word_1_545' title='bbox 847 811 965 838; x_wconf 84' lang='lat' dir='ltr'>ferenda</span> <span class='ocrx_word' id='word_1_546' title='bbox 977 811 1060 836; x_wconf 80' lang='lat' dir='ltr'>sociis</span> <span class='ocrx_word' id='word_1_547' title='bbox 1070 826 1078 839; x_wconf 93' lang='lat'>‚</span> <span class='ocrx_word' id='word_1_548' title='bbox 1095 810 1188 847; x_wconf 77' lang='lat' dir='ltr'>pergit</span> <span class='ocrx_word' id='word_1_549' title='bbox 1199 807 1257 843; x_wconf 83' lang='lat' dir='ltr'>ipse</span> <span class='ocrx_word' id='word_1_550' title='bbox 1268 808 1310 834; x_wconf 89' lang='lat' dir='ltr'>ire</span> <span class='ocrx_word' id='word_1_551' title='bbox 1320 805 1366 833; x_wconf 70' lang='lat' dir='ltr'>atl-</span> 
     </span>
     <span class='ocr_line' id='line_1_96' title="bbox 777 840 1358 872; baseline -0.007 -4"><span class='ocrx_word' id='word_1_552' title='bbox 777 843 878 868; x_wconf 87' lang='lat' dir='ltr'>urbem</span> <span class='ocrx_word' id='word_1_553' title='bbox 891 860 898 871; x_wconf 77' lang='lat'><strong>‚</strong></span> <span class='ocrx_word' id='word_1_554' title='bbox 917 843 1042 869; x_wconf 88' lang='lat' dir='ltr'>deditam</span> <span class='ocrx_word' id='word_1_555' title='bbox 1054 848 1143 872; x_wconf 78' lang='lat' dir='ltr'>nuper</span> <span class='ocrx_word' id='word_1_556' title='bbox 1156 847 1185 867; x_wconf 79' lang='lat' dir='ltr'>tn</span> <span class='ocrx_word' id='word_1_557' title='bbox 1197 840 1282 866; x_wconf 75' lang='lat' dir='ltr'>fidem</span> <span class='ocrx_word' id='word_1_558' title='bbox 1295 840 1358 865; x_wconf 82' lang='lat' dir='ltr'>Ro-</span> 
     </span>
     <span class='ocr_line' id='line_1_97' title="bbox 777 872 1362 907; baseline -0.009 -7"><span class='ocrx_word' id='word_1_559' title='bbox 777 881 887 900; x_wconf 80' lang='lat' dir='ltr'>manam</span> <span class='ocrx_word' id='word_1_560' title='bbox 902 891 910 903; x_wconf 86' lang='lat'>‚</span> <span class='ocrx_word' id='word_1_561' title='bbox 928 874 1158 907; x_wconf 67' lang='lat' dir='ltr'>oppugnandam.</span> <span class='ocrx_word' id='word_1_562' title='bbox 1179 873 1220 898; x_wconf 83' lang='lat' dir='ltr'>ita</span> <span class='ocrx_word' id='word_1_563' title='bbox 1236 872 1291 901; x_wconf 83' lang='lat' dir='ltr'>jam</span> <span class='ocrx_word' id='word_1_564' title='bbox 1302 877 1362 896; x_wconf 87' lang='lat' dir='ltr'>coe·</span> 
     </span>
     <span class='ocr_line' id='line_1_98' title="bbox 797 902 1356 932; baseline -0.009 0"><span class='ocrx_word' id='word_1_565' title='bbox 797 913 825 932; x_wconf 84' lang='lat' dir='ltr'>ta</span> <span class='ocrx_word' id='word_1_566' title='bbox 843 906 956 932; x_wconf 75' lang='lat' dir='ltr'>oblidio</span> <span class='ocrx_word' id='word_1_567' title='bbox 975 905 1072 932; x_wconf 66' lang='lat' dir='ltr'>omiss‘a</span> <span class='ocrx_word' id='word_1_568' title='bbox 1092 905 1126 930; x_wconf 83' lang='lat' dir='ltr'>ab</span> <span class='ocrx_word' id='word_1_569' title='bbox 1143 903 1283 932; x_wconf 88' lang='lat' dir='ltr'>Romanis</span> <span class='ocrx_word' id='word_1_570' title='bbox 1299 902 1356 931; x_wconf 83' lang='lat' dir='ltr'>est.</span> 
     </span>
     <span class='ocr_line' id='line_1_99' title="bbox 777 914 1361 997; baseline -0.01 -32"><span class='ocrx_word' id='word_1_571' title='bbox 777 914 806 997; x_wconf 63' lang='grc' dir='ltr'>ξε</span> <span class='ocrx_word' id='word_1_572' title='bbox 824 939 855 965; x_wconf 87' lang='lat' dir='ltr'>in</span> <span class='ocrx_word' id='word_1_573' title='bbox 871 938 964 972; x_wconf 88' lang='lat' dir='ltr'>ipsum</span> <span class='ocrx_word' id='word_1_574' title='bbox 980 937 1168 965; x_wconf 84' lang='lat' dir='ltr'>Asdrubalem</span> <span class='ocrx_word' id='word_1_575' title='bbox 1179 934 1288 962; x_wconf 88' lang='lat' dir='ltr'>versum</span> <span class='ocrx_word' id='word_1_576' title='bbox 1300 934 1361 960; x_wconf 86' lang='lat' dir='ltr'>bel-</span> 
     </span>
     <span class='ocr_line' id='line_1_100' title="bbox 792 978 850 997; baseline -0.034 0"><span class='ocrx_word' id='word_1_577' title='bbox 792 978 850 997; x_wconf 84' lang='lat' dir='ltr'>um.</span> 
     </span>
    </p>

    <p class='ocr_par' dir='ltr' id='par_1_6' title="bbox 779 996 1384 1920">
     <span class='ocr_line' id='line_1_101' title="bbox 816 996 1359 1035; baseline -0.011 -7"><span class='ocrx_word' id='word_1_578' title='bbox 816 1004 884 1035; x_wconf 82' lang='lat' dir='ltr'>Cap.</span> <span class='ocrx_word' id='word_1_579' title='bbox 905 1003 930 1026; x_wconf 88' lang='lat' dir='ltr'>X</span> <span class='ocrx_word' id='word_1_580' title='bbox 941 1003 966 1027; x_wconf 87' lang='lat' dir='ltr'>X</span> <span class='ocrx_word' id='word_1_581' title='bbox 978 1002 992 1027; x_wconf 91' lang='lat'>1</span> <span class='ocrx_word' id='word_1_582' title='bbox 1004 1002 1040 1026; x_wconf 85' lang='lat' dir='ltr'>X.</span> <span class='ocrx_word' id='word_1_583' title='bbox 1070 1000 1209 1031; x_wconf 81' lang='lat' dir='ltr'>Quinque</span> <span class='ocrx_word' id='word_1_584' title='bbox 1232 996 1359 1024; x_wconf 86' lang='lat' dir='ltr'>millium</span> 
     </span>
     <span class='ocr_line' id='line_1_102' title="bbox 779 1029 1360 1060; baseline -0.009 0"><span class='ocrx_word' id='word_1_585' title='bbox 779 1034 933 1060; x_wconf 77' lang='lat' dir='ltr'>intervallo</span> <span class='ocrx_word' id='word_1_586' title='bbox 958 1033 1045 1059; x_wconf 83' lang='lat' dir='ltr'>castra</span> <span class='ocrx_word' id='word_1_587' title='bbox 1070 1031 1207 1058; x_wconf 86' lang='lat' dir='ltr'>distantia</span> <span class='ocrx_word' id='word_1_588' title='bbox 1233 1029 1360 1056; x_wconf 81' lang='lat' dir='ltr'>habuere</span> 
     </span>
     <span class='ocr_line' id='line_1_103' title="bbox 781 1061 1357 1098; baseline -0.012 -6"><span class='ocrx_word' id='word_1_589' title='bbox 781 1073 883 1098; x_wconf 83' lang='lat' dir='ltr'>paucos</span> <span class='ocrx_word' id='word_1_590' title='bbox 892 1066 971 1092; x_wconf 85' lang='lat' dir='ltr'>dies:</span> <span class='ocrx_word' id='word_1_591' title='bbox 985 1072 1037 1091; x_wconf 93' lang='lat' dir='ltr'>nec</span> <span class='ocrx_word' id='word_1_592' title='bbox 1047 1065 1106 1090; x_wconf 79' lang='lat' dir='ltr'>fine</span> <span class='ocrx_word' id='word_1_593' title='bbox 1115 1064 1221 1090; x_wconf 86' lang='lat' dir='ltr'>levibus</span> <span class='ocrx_word' id='word_1_594' title='bbox 1232 1061 1357 1093; x_wconf 78' lang='lat' dir='ltr'>proeliis,</span> 
     </span>
     <span class='ocr_line' id='line_1_104' title="bbox 779 1094 1358 1127; baseline -0.01 -3"><span class='ocrx_word' id='word_1_595' title='bbox 779 1104 830 1124; x_wconf 87' lang='lat' dir='ltr'>nec</span> <span class='ocrx_word' id='word_1_596' title='bbox 839 1104 873 1124; x_wconf 80' lang='lat' dir='ltr'>ut</span> <span class='ocrx_word' id='word_1_597' title='bbox 884 1098 914 1123; x_wconf 90' lang='lat' dir='ltr'>in</span> <span class='ocrx_word' id='word_1_598' title='bbox 925 1098 1011 1123; x_wconf 88' lang='lat' dir='ltr'>aciem</span> <span class='ocrx_word' id='word_1_599' title='bbox 1021 1098 1146 1122; x_wconf 87' lang='lat' dir='ltr'>exirent.</span> <span class='ocrx_word' id='word_1_600' title='bbox 1166 1094 1282 1120; x_wconf 88' lang='lat' dir='ltr'>tandem</span> <span class='ocrx_word' id='word_1_601' title='bbox 1293 1099 1358 1127; x_wconf 81' lang='lat' dir='ltr'>uno</span> 
     </span>
     <span class='ocr_line' id='line_1_105' title="bbox 779 1125 1362 1161; baseline -0.009 -5"><span class='ocrx_word' id='word_1_602' title='bbox 779 1131 934 1161; x_wconf 85' lang='lat' dir='ltr'>eodemque</span> <span class='ocrx_word' id='word_1_603' title='bbox 961 1129 1009 1155; x_wconf 86' lang='lat' dir='ltr'>die</span> <span class='ocrx_word' id='word_1_604' title='bbox 1033 1128 1112 1154; x_wconf 87' lang='lat' dir='ltr'>velut</span> <span class='ocrx_word' id='word_1_605' title='bbox 1140 1132 1176 1152; x_wconf 84' lang='lat' dir='ltr'>ex</span> <span class='ocrx_word' id='word_1_606' title='bbox 1202 1125 1362 1161; x_wconf 74' lang='lat' dir='ltr'>comppiito</span> 
     </span>
     <span class='ocr_line' id='line_1_106' title="bbox 779 1158 1361 1193; baseline -0.009 -5"><span class='ocrx_word' id='word_1_607' title='bbox 779 1162 926 1193; x_wconf 85' lang='lat' dir='ltr'>utrimque</span> <span class='ocrx_word' id='word_1_608' title='bbox 944 1161 1054 1192; x_wconf 69' lang='lat' dir='ltr'>iignum</span> <span class='ocrx_word' id='word_1_609' title='bbox 1067 1166 1168 1192; x_wconf 74' lang='lat' dir='ltr'>pugnae</span> <span class='ocrx_word' id='word_1_610' title='bbox 1178 1158 1361 1190; x_wconf 77' lang='lat' dir='ltr'>propoittum</span> 
     </span>
     <span class='ocr_line' id='line_1_107' title="bbox 779 1190 1370 1222; baseline -0.012 -1"><span class='ocrx_word' id='word_1_611' title='bbox 779 1194 818 1220; x_wconf 84' lang='lat' dir='ltr'>est</span> <span class='ocrx_word' id='word_1_612' title='bbox 828 1209 836 1221; x_wconf 56' lang='lat'><em>1</em></span> <span class='ocrx_word' id='word_1_613' title='bbox 854 1198 886 1219; x_wconf 89' lang='lat' dir='ltr'>at</span> <span class='ocrx_word' id='word_1_614' title='bbox 906 1199 942 1219; x_wconf 89' lang='lat' dir='ltr'>ue</span> <span class='ocrx_word' id='word_1_615' title='bbox 951 1193 1083 1218; x_wconf 89' lang='lat' dir='ltr'>omnibus</span> <span class='ocrx_word' id='word_1_616' title='bbox 1090 1191 1181 1222; x_wconf 87' lang='lat' dir='ltr'>copiis</span> <span class='ocrx_word' id='word_1_617' title='bbox 1191 1190 1221 1215; x_wconf 88' lang='lat' dir='ltr'>in</span> <span class='ocrx_word' id='word_1_618' title='bbox 1232 1193 1370 1221; x_wconf 82' lang='lat' dir='ltr'>campum·</span> 
     </span>
     <span class='ocr_line' id='line_1_108' title="bbox 779 1222 1364 1255; baseline -0.01 -4"><span class='ocrx_word' id='word_1_619' title='bbox 779 1225 879 1252; x_wconf 86' lang='lat' dir='ltr'>descen</span> <span class='ocrx_word' id='word_1_620' title='bbox 895 1231 944 1250; x_wconf 90' lang='lat' dir='ltr'>um</span> <span class='ocrx_word' id='word_1_621' title='bbox 964 1225 1014 1250; x_wconf 79' lang='lat' dir='ltr'>est.</span> <span class='ocrx_word' id='word_1_622' title='bbox 1033 1223 1156 1255; x_wconf 85' lang='lat' dir='ltr'>Triplex</span> <span class='ocrx_word' id='word_1_623' title='bbox 1166 1222 1243 1248; x_wconf 82' lang='lat' dir='ltr'>stetit</span> <span class='ocrx_word' id='word_1_624' title='bbox 1256 1222 1364 1247; x_wconf 79' lang='lat' dir='ltr'>Roma-</span> 
     </span>
     <span class='ocr_line' id='line_1_109' title="bbox 780 1251 1366 1287; baseline -0.009 -5"><span class='ocrx_word' id='word_1_625' title='bbox 780 1263 816 1282; x_wconf 89' lang='lat' dir='ltr'>na</span> <span class='ocrx_word' id='word_1_626' title='bbox 833 1257 915 1283; x_wconf 88' lang='lat' dir='ltr'>acies.</span> <span class='ocrx_word' id='word_1_627' title='bbox 943 1255 1062 1282; x_wconf 84' lang='lat' dir='ltr'>velitum</span> <span class='ocrx_word' id='word_1_628' title='bbox 1083 1260 1145 1287; x_wconf 87' lang='lat' dir='ltr'>pars</span> <span class='ocrx_word' id='word_1_629' title='bbox 1164 1255 1239 1280; x_wconf 86' lang='lat' dir='ltr'>inter</span> <span class='ocrx_word' id='word_1_630' title='bbox 1257 1251 1366 1278; x_wconf 82' lang='lat' dir='ltr'>antefi-</span> 
     </span>
     <span class='ocr_line' id='line_1_110' title="bbox 780 1285 1364 1321; baseline -0.01 -6"><span class='ocrx_word' id='word_1_631' title='bbox 780 1295 890 1321; x_wconf 86' lang='lat' dir='ltr'>gnanos</span> <span class='ocrx_word' id='word_1_632' title='bbox 900 1289 1002 1316; x_wconf 83' lang='lat' dir='ltr'>locata,</span> <span class='ocrx_word' id='word_1_633' title='bbox 1007 1294 1068 1318; x_wconf 88' lang='lat' dir='ltr'>pars</span> <span class='ocrx_word' id='word_1_634' title='bbox 1079 1286 1139 1319; x_wconf 84' lang='lat' dir='ltr'>post</span> <span class='ocrx_word' id='word_1_635' title='bbox 1150 1285 1228 1318; x_wconf 71' lang='lat' dir='ltr'>signa</span> <span class='ocrx_word' id='word_1_636' title='bbox 1237 1288 1364 1315; x_wconf 82' lang='lat' dir='ltr'>accepta,</span> 
     </span>
     <span class='ocr_line' id='line_1_111' title="bbox 781 1314 1377 1352; baseline -0.01 -5"><span class='ocrx_word' id='word_1_637' title='bbox 781 1321 891 1352; x_wconf 84' lang='lat' dir='ltr'>equites</span> <span class='ocrx_word' id='word_1_638' title='bbox 917 1326 1025 1347; x_wconf 85' lang='lat' dir='ltr'>cornua</span> <span class='ocrx_word' id='word_1_639' title='bbox 1052 1319 1181 1345; x_wconf 83' lang='lat' dir='ltr'>cinxere.</span> <span class='ocrx_word' id='word_1_640' title='bbox 1218 1314 1377 1342; x_wconf 53' lang='lat' dir='ltr'>Asdrubal*¹</span> 
     </span>
     <span class='ocr_line' id='line_1_112' title="bbox 783 1347 1376 1382; baseline -0.008 -4"><span class='ocrx_word' id='word_1_641' title='bbox 783 1353 908 1379; x_wconf 86' lang='lat' dir='ltr'>mediam</span> <span class='ocrx_word' id='word_1_642' title='bbox 928 1352 1017 1378; x_wconf 87' lang='lat' dir='ltr'>aciem</span> <span class='ocrx_word' id='word_1_643' title='bbox 1037 1349 1175 1382; x_wconf 84' lang='lat' dir='ltr'>Hispanis</span> <span class='ocrx_word' id='word_1_644' title='bbox 1194 1347 1309 1375; x_wconf 84' lang='lat' dir='ltr'>firmat:</span> <span class='ocrx_word' id='word_1_645' title='bbox 1330 1348 1376 1374; x_wconf 56' lang='grc' dir='ltr'>ἰῇ·</span> 
     </span>
     <span class='ocr_line' id='line_1_113' title="bbox 782 1381 1365 1414; baseline -0.009 -3"><span class='ocrx_word' id='word_1_646' title='bbox 782 1384 920 1411; x_wconf 87' lang='lat' dir='ltr'>cornibus</span> <span class='ocrx_word' id='word_1_647' title='bbox 928 1401 937 1414; x_wconf 83' lang='lat'>‚</span> <span class='ocrx_word' id='word_1_648' title='bbox 961 1383 1065 1410; x_wconf 81' lang='lat' dir='ltr'>dextro</span> <span class='ocrx_word' id='word_1_649' title='bbox 1076 1383 1183 1407; x_wconf 81' lang='lat' dir='ltr'>Poenos</span> <span class='ocrx_word' id='word_1_650' title='bbox 1194 1381 1281 1408; x_wconf 79' lang='lat' dir='ltr'>locat,</span> <span class='ocrx_word' id='word_1_651' title='bbox 1291 1382 1365 1406; x_wconf 80' lang='lat' dir='ltr'>laevo</span> 
     </span>
     <span class='ocr_line' id='line_1_114' title="bbox 782 1411 1367 1446; baseline -0.009 -4"><span class='ocrx_word' id='word_1_652' title='bbox 782 1415 874 1442; x_wconf 88' lang='lat' dir='ltr'>Afros</span> <span class='ocrx_word' id='word_1_653' title='bbox 892 1433 901 1446; x_wconf 88' lang='lat'>,</span> <span class='ocrx_word' id='word_1_654' title='bbox 930 1415 1230 1444; x_wconf 86' lang='lat' dir='ltr'>mercenariorumque</span> <span class='ocrx_word' id='word_1_655' title='bbox 1254 1411 1367 1438; x_wconf 76' lang='lat' dir='ltr'>auxilia</span> 
     </span>
     <span class='ocr_line' id='line_1_115' title="bbox 782 1443 1373 1480; baseline -0.01 -6"><span class='ocrx_word' id='word_1_656' title='bbox 782 1449 929 1480; x_wconf 83' lang='lat' dir='ltr'>equitum.</span> <span class='ocrx_word' id='word_1_657' title='bbox 953 1447 1096 1473; x_wconf 85' lang='lat' dir='ltr'>Numidas</span> <span class='ocrx_word' id='word_1_658' title='bbox 1115 1446 1274 1470; x_wconf 85' lang='lat' dir='ltr'>Poenorum</span> <span class='ocrx_word' id='word_1_659' title='bbox 1286 1443 1373 1475; x_wconf 76' lang='lat' dir='ltr'>pedi..</span> 
     </span>
     <span class='ocr_line' id='line_1_116' title="bbox 782 1475 1375 1518; baseline -0.01 -11"><span class='ocrx_word' id='word_1_660' title='bbox 782 1481 862 1507; x_wconf 75' lang='lat' dir='ltr'>tibus</span> <span class='ocrx_word' id='word_1_661' title='bbox 884 1487 893 1518; x_wconf 61' lang='grc' dir='ltr'>ξ</span> <span class='ocrx_word' id='word_1_662' title='bbox 918 1485 1036 1506; x_wconf 66' lang='lat' dir='ltr'>aeteros</span> <span class='ocrx_word' id='word_1_663' title='bbox 1056 1477 1138 1504; x_wconf 87' lang='lat' dir='ltr'>Afris</span> <span class='ocrx_word' id='word_1_664' title='bbox 1157 1483 1211 1515; x_wconf 70' lang='lat' dir='ltr'>pro</span> <span class='ocrx_word' id='word_1_665' title='bbox 1227 1475 1375 1514; x_wconf 74' lang='lat' dir='ltr'>cornibus·</span> 
     </span>
     <span class='ocr_line' id='line_1_117' title="bbox 784 1507 1376 1543; baseline -0.01 -5"><span class='ocrx_word' id='word_1_666' title='bbox 784 1516 918 1543; x_wconf 78' lang='lat' dir='ltr'>opponit.</span> <span class='ocrx_word' id='word_1_667' title='bbox 937 1517 989 1537; x_wconf 90' lang='lat' dir='ltr'>nec</span> <span class='ocrx_word' id='word_1_668' title='bbox 1000 1517 1098 1536; x_wconf 85' lang='lat' dir='ltr'>omnes</span> <span class='ocrx_word' id='word_1_669' title='bbox 1110 1509 1244 1536; x_wconf 71' lang='lat' dir='ltr'>Num1dae</span> <span class='ocrx_word' id='word_1_670' title='bbox 1254 1514 1284 1534; x_wconf 81' lang='lat' dir='ltr'>in</span> <span class='ocrx_word' id='word_1_671' title='bbox 1293 1507 1376 1533; x_wconf 84' lang='lat' dir='ltr'>dex·-</span> 
     </span>
     <span class='ocr_line' id='line_1_118' title="bbox 783 1537 1371 1573; baseline -0.012 -2"><span class='ocrx_word' id='word_1_672' title='bbox 783 1549 831 1571; x_wconf 90' lang='lat' dir='ltr'>tro</span> <span class='ocrx_word' id='word_1_673' title='bbox 840 1543 930 1570; x_wconf 85' lang='lat' dir='ltr'>locati</span> <span class='ocrx_word' id='word_1_674' title='bbox 937 1545 1034 1570; x_wconf 60' lang='lat' dir='ltr'>cornu*</span> <span class='ocrx_word' id='word_1_675' title='bbox 1041 1559 1050 1573; x_wconf 88' lang='lat'><strong><em>‚</em></strong></span> <span class='ocrx_word' id='word_1_676' title='bbox 1070 1541 1117 1568; x_wconf 88' lang='lat' dir='ltr'>sed</span> <span class='ocrx_word' id='word_1_677' title='bbox 1127 1540 1230 1573; x_wconf 87' lang='lat' dir='ltr'>quibus</span> <span class='ocrx_word' id='word_1_678' title='bbox 1239 1537 1371 1566; x_wconf 84' lang='lat' dir='ltr'>desulto-</span> 
     </span>
     <span class='ocr_line' id='line_1_119' title="bbox 784 1571 1370 1604; baseline -0.01 -2"><span class='ocrx_word' id='word_1_679' title='bbox 784 1583 848 1602; x_wconf 88' lang='lat' dir='ltr'>rum</span> <span class='ocrx_word' id='word_1_680' title='bbox 867 1575 898 1601; x_wconf 85' lang='lat' dir='ltr'>in</span> <span class='ocrx_word' id='word_1_681' title='bbox 918 1575 1036 1601; x_wconf 85' lang='lat' dir='ltr'>modurn</span> <span class='ocrx_word' id='word_1_682' title='bbox 1050 1591 1059 1604; x_wconf 92' lang='lat'><strong>‚</strong></span> <span class='ocrx_word' id='word_1_683' title='bbox 1083 1573 1167 1600; x_wconf 81' lang='lat' dir='ltr'>binos</span> <span class='ocrx_word' id='word_1_684' title='bbox 1187 1571 1370 1598; x_wconf 80' lang='lat' dir='ltr'>trahentibus</span> 
     </span>
     <span class='ocr_line' id='line_1_120' title="bbox 783 1602 1377 1640; baseline -0.012 -6"><span class='ocrx_word' id='word_1_685' title='bbox 783 1614 874 1640; x_wconf 89' lang='lat' dir='ltr'>equos</span> <span class='ocrx_word' id='word_1_686' title='bbox 894 1608 970 1633; x_wconf 87' lang='lat' dir='ltr'>inter</span> <span class='ocrx_word' id='word_1_687' title='bbox 984 1606 1149 1633; x_wconf 83' lang='lat' dir='ltr'>acerrimam</span> <span class='ocrx_word' id='word_1_688' title='bbox 1157 1602 1229 1636; x_wconf 84' lang='lat' dir='ltr'>saepe</span> <span class='ocrx_word' id='word_1_689' title='bbox 1240 1608 1377 1640; x_wconf 54' lang='lat' dir='ltr'>pugnant,</span> 
     </span>
     <span class='ocr_line' id='line_1_121' title="bbox 785 1635 1384 1672; baseline -0.008 -7"><span class='ocrx_word' id='word_1_690' title='bbox 785 1641 816 1667; x_wconf 78' lang='lat' dir='ltr'>in</span> <span class='ocrx_word' id='word_1_691' title='bbox 837 1644 980 1665; x_wconf 85' lang='lat' dir='ltr'>recentem</span> <span class='ocrx_word' id='word_1_692' title='bbox 998 1645 1104 1671; x_wconf 89' lang='lat' dir='ltr'>equum</span> <span class='ocrx_word' id='word_1_693' title='bbox 1126 1643 1162 1662; x_wconf 86' lang='lat' dir='ltr'>ex</span> <span class='ocrx_word' id='word_1_694' title='bbox 1174 1635 1244 1663; x_wconf 83' lang='lat' dir='ltr'>fess&#39;o</span> <span class='ocrx_word' id='word_1_695' title='bbox 1253 1638 1384 1672; x_wconf 61' lang='lat' dir='ltr'>armatis,—</span> 
     </span>
     <span class='ocr_line' id='line_1_122' title="bbox 784 1667 1369 1698; baseline -0.009 -1"><span class='ocrx_word' id='word_1_696' title='bbox 784 1671 960 1698; x_wconf 82' lang='lat' dir='ltr'>transultare</span> <span class='ocrx_word' id='word_1_697' title='bbox 969 1677 1030 1696; x_wconf 90' lang='lat' dir='ltr'>mos</span> <span class='ocrx_word' id='word_1_698' title='bbox 1041 1675 1101 1696; x_wconf 84' lang='lat' dir='ltr'>erat</span> <span class='ocrx_word' id='word_1_699' title='bbox 1114 1677 1120 1693; x_wconf 78' lang='grc' dir='ltr'><em>τ</em></span> <span class='ocrx_word' id='word_1_700' title='bbox 1142 1673 1222 1695; x_wconf 89' lang='lat' dir='ltr'>tanta</span> <span class='ocrx_word' id='word_1_701' title='bbox 1233 1667 1369 1693; x_wconf 75' lang='lat' dir='ltr'>velocitas</span> 
     </span>
     <span class='ocr_line' id='line_1_123' title="bbox 786 1701 1371 1735; baseline -0.012 -5"><span class='ocrx_word' id='word_1_702' title='bbox 786 1703 852 1735; x_wconf 71' lang='lat' dir='ltr'>ipsis</span> <span class='ocrx_word' id='word_1_703' title='bbox 863 1719 872 1731; x_wconf 91' lang='lat'>‚</span> <span class='ocrx_word' id='word_1_704' title='bbox 895 1708 1008 1735; x_wconf 89' lang='lat' dir='ltr'>tamque</span> <span class='ocrx_word' id='word_1_705' title='bbox 1026 1701 1122 1729; x_wconf 85' lang='lat' dir='ltr'>docile</span> <span class='ocrx_word' id='word_1_706' title='bbox 1131 1705 1270 1732; x_wconf 68' lang='lat' dir='ltr'>equorum</span> <span class='ocrx_word' id='word_1_707' title='bbox 1298 1702 1371 1724; x_wconf 73' lang='lat' dir='ltr'>enus</span> 
     </span>
     <span class='ocr_line' id='line_1_124' title="bbox 787 1730 1370 1765; baseline -0.014 -3"><span class='ocrx_word' id='word_1_708' title='bbox 787 1735 835 1762; x_wconf 86' lang='lat' dir='ltr'>est.</span> <span class='ocrx_word' id='word_1_709' title='bbox 889 1741 958 1761; x_wconf 88' lang='lat' dir='ltr'>uum</span> <span class='ocrx_word' id='word_1_710' title='bbox 979 1735 1032 1760; x_wconf 88' lang='lat' dir='ltr'>hoc</span> <span class='ocrx_word' id='word_1_711' title='bbox 1054 1733 1141 1760; x_wconf 87' lang='lat' dir='ltr'>modo</span> <span class='ocrx_word' id='word_1_712' title='bbox 1164 1730 1283 1765; x_wconf 62' lang='lat' dir='ltr'>instruet</span> <span class='ocrx_word' id='word_1_713' title='bbox 1315 1730 1370 1755; x_wconf 84' lang='lat' dir='ltr'>sta-</span> 
     </span>
     <span class='ocr_line' id='line_1_125' title="bbox 786 1761 1371 1798; baseline -0.009 -6"><span class='ocrx_word' id='word_1_714' title='bbox 786 1771 852 1793; x_wconf 89' lang='lat' dir='ltr'>rent</span> <span class='ocrx_word' id='word_1_715' title='bbox 862 1783 871 1795; x_wconf 80' lang='lat'>,</span> <span class='ocrx_word' id='word_1_716' title='bbox 894 1771 1098 1798; x_wconf 80' lang='lat' dir='ltr'>imperatorum</span> <span class='ocrx_word' id='word_1_717' title='bbox 1117 1763 1270 1795; x_wconf 84' lang='lat' dir='ltr'>utriulque</span> <span class='ocrx_word' id='word_1_718' title='bbox 1280 1761 1371 1796; x_wconf 79' lang='lat' dir='ltr'>partis</span> 
     </span>
     <span class='ocr_line' id='line_1_126' title="bbox 785 1795 1377 1828; baseline -0.01 -3"><span class='ocrx_word' id='word_1_719' title='bbox 785 1799 862 1825; x_wconf 85' lang='lat' dir='ltr'>haud</span> <span class='ocrx_word' id='word_1_720' title='bbox 883 1799 971 1824; x_wconf 86' lang='lat' dir='ltr'>ferme</span> <span class='ocrx_word' id='word_1_721' title='bbox 982 1796 1107 1828; x_wconf 74' lang='lat' dir='ltr'>dispares</span> <span class='ocrx_word' id='word_1_722' title='bbox 1117 1795 1178 1827; x_wconf 87' lang='lat' dir='ltr'>spes</span> <span class='ocrx_word' id='word_1_723' title='bbox 1189 1799 1283 1820; x_wconf 79' lang='lat' dir='ltr'>erant.</span> <span class='ocrx_word' id='word_1_724' title='bbox 1302 1799 1377 1820; x_wconf 69' lang='lat' dir='ltr'>namv</span> 
     </span>
     <span class='ocr_line' id='line_1_127' title="bbox 787 1828 1369 1861; baseline -0.007 -5"><span class='ocrx_word' id='word_1_725' title='bbox 787 1837 824 1856; x_wconf 88' lang='lat' dir='ltr'>ne</span> <span class='ocrx_word' id='word_1_726' title='bbox 835 1831 957 1857; x_wconf 83' lang='lat' dir='ltr'>multum</span> <span class='ocrx_word' id='word_1_727' title='bbox 966 1829 1082 1861; x_wconf 83' lang='lat' dir='ltr'>quidem</span> <span class='ocrx_word' id='word_1_728' title='bbox 1092 1845 1100 1857; x_wconf 88' lang='lat'>‚</span> <span class='ocrx_word' id='word_1_729' title='bbox 1111 1833 1162 1854; x_wconf 85' lang='lat' dir='ltr'>aut</span> <span class='ocrx_word' id='word_1_730' title='bbox 1173 1832 1304 1854; x_wconf 69' lang='lat' dir='ltr'>numero,</span> <span class='ocrx_word' id='word_1_731' title='bbox 1316 1828 1369 1852; x_wconf 85' lang='lat' dir='ltr'>aut</span> 
     </span>
     <span class='ocr_line' id='line_1_128' title="bbox 786 1856 1367 1920; baseline -0.012 -32"><span class='ocrx_word' id='word_1_732' title='bbox 786 1867 891 1920; x_wconf 53' lang='lat' dir='ltr'>{essere</span> <span class='ocrx_word' id='word_1_733' title='bbox 914 1861 1058 1888; x_wconf 69' lang='lat' dir='ltr'>militum,</span> <span class='ocrx_word' id='word_1_734' title='bbox 1079 1860 1110 1886; x_wconf 88' lang='lat' dir='ltr'>hl</span> <span class='ocrx_word' id='word_1_735' title='bbox 1128 1863 1179 1885; x_wconf 88' lang='lat' dir='ltr'>aut</span> <span class='ocrx_word' id='word_1_736' title='bbox 1199 1856 1367 1890; x_wconf 77' lang='lat' dir='ltr'>iilipraesta-</span> 
     </span>
    </p>

    <p class='ocr_par' dir='ltr' id='par_1_7' title="bbox 785 1889 1392 2426">
     <span class='ocr_line' id='line_1_129' title="bbox 808 1889 1369 1922; baseline -0.009 -3"><span class='ocrx_word' id='word_1_737' title='bbox 808 1900 859 1921; x_wconf 85' lang='lat' dir='ltr'>ant</span> <span class='ocrx_word' id='word_1_738' title='bbox 874 1902 880 1918; x_wconf 75' lang='lat' dir='ltr'><em>e</em></span> <span class='ocrx_word' id='word_1_739' title='bbox 900 1893 1043 1920; x_wconf 84' lang='lat' dir='ltr'>militibus</span> <span class='ocrx_word' id='word_1_740' title='bbox 1053 1893 1143 1922; x_wconf 72' lang='lat' dir='ltr'>longe</span> <span class='ocrx_word' id='word_1_741' title='bbox 1151 1889 1246 1922; x_wconf 86' lang='lat' dir='ltr'>dispar</span> <span class='ocrx_word' id='word_1_742' title='bbox 1255 1889 1369 1916; x_wconf 80' lang='lat' dir='ltr'>animus</span> 
     </span>
     <span class='ocr_line' id='line_1_130' title="bbox 787 1924 1372 1956; baseline -0.01 -4"><span class='ocrx_word' id='word_1_743' title='bbox 787 1931 859 1952; x_wconf 85' lang='lat' dir='ltr'>erat.</span> <span class='ocrx_word' id='word_1_744' title='bbox 877 1925 1018 1952; x_wconf 88' lang='lat' dir='ltr'>Romanis</span> <span class='ocrx_word' id='word_1_745' title='bbox 1029 1924 1204 1956; x_wconf 72' lang='lat' dir='ltr'>enim-,quarn</span> <span class='ocrx_word' id='word_1_746' title='bbox 1225 1928 1290 1948; x_wconf 87' lang='lat' dir='ltr'>uam</span> <span class='ocrx_word' id='word_1_747' title='bbox 1301 1927 1372 1951; x_wconf 86' lang='lat' dir='ltr'>pro-</span> 
     </span>
     <span class='ocr_line' id='line_1_131' title="bbox 786 1951 1383 1990; baseline -0.01 -6"><span class='ocrx_word' id='word_1_748' title='bbox 786 1959 833 1984; x_wconf 88' lang='lat' dir='ltr'>cul</span> <span class='ocrx_word' id='word_1_749' title='bbox 844 1956 859 1983; x_wconf 76' lang='lat' dir='ltr'>a</span> <span class='ocrx_word' id='word_1_750' title='bbox 873 1958 963 1990; x_wconf 86' lang='lat' dir='ltr'>patria</span> <span class='ocrx_word' id='word_1_751' title='bbox 975 1961 1151 1989; x_wconf 75' lang='lat' dir='ltr'>pugnarent,</span> <span class='ocrx_word' id='word_1_752' title='bbox 1161 1953 1217 1980; x_wconf 74' lang='lat' dir='ltr'>saci</span> <span class='ocrx_word' id='word_1_753' title='bbox 1229 1960 1246 1980; x_wconf 90' lang='lat' dir='ltr'>e</span> <span class='ocrx_word' id='word_1_754' title='bbox 1256 1951 1383 1984; x_wconf 84' lang='lat' dir='ltr'>persua--</span> 
     </span>
     <span class='ocr_line' id='line_1_132' title="bbox 785 1984 1368 2021; baseline -0.01 -6"><span class='ocrx_word' id='word_1_755' title='bbox 785 1989 882 2016; x_wconf 80' lang='lat' dir='ltr'>serant</span> <span class='ocrx_word' id='word_1_756' title='bbox 902 1990 1006 2017; x_wconf 86' lang='lat' dir='ltr'>duces,</span> <span class='ocrx_word' id='word_1_757' title='bbox 1029 1994 1081 2021; x_wconf 87' lang='lat' dir='ltr'>pro</span> <span class='ocrx_word' id='word_1_758' title='bbox 1100 1986 1186 2014; x_wconf 80' lang='lat' dir='ltr'>ltalia</span> <span class='ocrx_word' id='word_1_759' title='bbox 1197 1991 1283 2018; x_wconf 88' lang='lat' dir='ltr'>atque</span> <span class='ocrx_word' id='word_1_760' title='bbox 1293 1984 1368 2010; x_wconf 81' lang='lat' dir='ltr'>urbe</span> 
     </span>
     <span class='ocr_line' id='line_1_133' title="bbox 791 2016 1369 2053; baseline -0.009 -5"><span class='ocrx_word' id='word_1_761' title='bbox 791 2023 921 2048; x_wconf 82' lang='lat' dir='ltr'>Romana</span> <span class='ocrx_word' id='word_1_762' title='bbox 937 2026 986 2047; x_wconf 86' lang='lat' dir='ltr'>eos</span> <span class='ocrx_word' id='word_1_763' title='bbox 996 2027 1033 2053; x_wconf 91' lang='lat' dir='ltr'>pu</span> <span class='ocrx_word' id='word_1_764' title='bbox 1057 2025 1135 2045; x_wconf 84' lang='lat' dir='ltr'>nare.</span> <span class='ocrx_word' id='word_1_765' title='bbox 1153 2019 1251 2050; x_wconf 83' lang='lat' dir='ltr'>itaque</span> <span class='ocrx_word' id='word_1_766' title='bbox 1262 2033 1270 2046; x_wconf 92' lang='lat'>‚</span> <span class='ocrx_word' id='word_1_767' title='bbox 1287 2016 1369 2043; x_wconf 85' lang='lat' dir='ltr'>velut</span> 
     </span>
     <span class='ocr_line' id='line_1_134' title="bbox 787 2047 1390 2086; baseline -0.012 -6"><span class='ocrx_word' id='word_1_768' title='bbox 787 2054 892 2086; x_wconf 89' lang='lat' dir='ltr'>quibus</span> <span class='ocrx_word' id='word_1_769' title='bbox 910 2053 1020 2079; x_wconf 89' lang='lat' dir='ltr'>reditus</span> <span class='ocrx_word' id='word_1_770' title='bbox 1053 2059 1070 2077; x_wconf 90' lang='lat' dir='ltr'>n</span> <span class='ocrx_word' id='word_1_771' title='bbox 1092 2051 1214 2085; x_wconf 86' lang='lat' dir='ltr'>patriam</span> <span class='ocrx_word' id='word_1_772' title='bbox 1225 2055 1260 2075; x_wconf 88' lang='lat' dir='ltr'>eo</span> <span class='ocrx_word' id='word_1_773' title='bbox 1269 2047 1390 2075; x_wconf 70' lang='lat' dir='ltr'>discrl·.</span> 
     </span>
     <span class='ocr_line' id='line_1_135' title="bbox 787 2080 1372 2117; baseline -0.009 -6"><span class='ocrx_word' id='word_1_774' title='bbox 787 2087 865 2112; x_wconf 80' lang='lat' dir='ltr'>mine</span> <span class='ocrx_word' id='word_1_775' title='bbox 885 2091 985 2117; x_wconf 70' lang='lat' dir='ltr'>pugnae</span> <span class='ocrx_word' id='word_1_776' title='bbox 1007 2087 1167 2110; x_wconf 85' lang='lat' dir='ltr'>verteretur</span> <span class='ocrx_word' id='word_1_777' title='bbox 1184 2097 1192 2110; x_wconf 81' lang='grc'><em>,</em></span> <span class='ocrx_word' id='word_1_778' title='bbox 1213 2080 1372 2107; x_wconf 82' lang='lat' dir='ltr'>obstinave-</span> 
     </span>
     <span class='ocr_line' id='line_1_136' title="bbox 788 2112 1372 2145; baseline -0.009 -1"><span class='ocrx_word' id='word_1_779' title='bbox 788 2122 854 2144; x_wconf 85' lang='lat' dir='ltr'>rant</span> <span class='ocrx_word' id='word_1_780' title='bbox 864 2117 978 2145; x_wconf 81' lang='lat' dir='ltr'>animis‚</span> <span class='ocrx_word' id='word_1_781' title='bbox 987 2116 1101 2142; x_wconf 90' lang='lat' dir='ltr'>vincere</span> <span class='ocrx_word' id='word_1_782' title='bbox 1109 2119 1159 2140; x_wconf 88' lang='lat' dir='ltr'>aut</span> <span class='ocrx_word' id='word_1_783' title='bbox 1168 2113 1253 2140; x_wconf 87' lang='lat' dir='ltr'>mori.</span> <span class='ocrx_word' id='word_1_784' title='bbox 1270 2112 1372 2139; x_wconf 78' lang='lat' dir='ltr'>Minus</span> 
     </span>
     <span class='ocr_line' id='line_1_137' title="bbox 786 2144 1368 2182; baseline -0.012 -6"><span class='ocrx_word' id='word_1_785' title='bbox 786 2149 946 2182; x_wconf 84' lang='lat' dir='ltr'>pertinaces</span> <span class='ocrx_word' id='word_1_786' title='bbox 966 2149 1041 2174; x_wconf 88' lang='lat' dir='ltr'>viros</span> <span class='ocrx_word' id='word_1_787' title='bbox 1053 2147 1172 2172; x_wconf 82' lang='lat' dir='ltr'>habebat</span> <span class='ocrx_word' id='word_1_788' title='bbox 1184 2145 1275 2171; x_wconf 90' lang='lat' dir='ltr'>altera</span> <span class='ocrx_word' id='word_1_789' title='bbox 1284 2144 1368 2170; x_wconf 86' lang='lat' dir='ltr'>acies.</span> 
     </span>
     <span class='ocr_line' id='line_1_138' title="bbox 790 2174 1370 2212; baseline -0.012 -5"><span class='ocrx_word' id='word_1_790' title='bbox 790 2187 855 2207; x_wconf 89' lang='lat' dir='ltr'>nam</span> <span class='ocrx_word' id='word_1_791' title='bbox 864 2180 987 2206; x_wconf 85' lang='lat' dir='ltr'>maxima</span> <span class='ocrx_word' id='word_1_792' title='bbox 997 2185 1060 2212; x_wconf 85' lang='lat' dir='ltr'>pars</span> <span class='ocrx_word' id='word_1_793' title='bbox 1071 2177 1193 2211; x_wconf 84' lang='lat' dir='ltr'>Hispani</span> <span class='ocrx_word' id='word_1_794' title='bbox 1203 2181 1285 2203; x_wconf 89' lang='lat' dir='ltr'>erant</span> <span class='ocrx_word' id='word_1_795' title='bbox 1296 2184 1303 2201; x_wconf 90' lang='lat'>:</span> <span class='ocrx_word' id='word_1_796' title='bbox 1316 2174 1370 2207; x_wconf 81' lang='lat' dir='ltr'>qul</span> 
     </span>
     <span class='ocr_line' id='line_1_139' title="bbox 789 2207 1375 2246; baseline -0.01 -8"><span class='ocrx_word' id='word_1_797' title='bbox 789 2213 868 2240; x_wconf 85' lang='lat' dir='ltr'>vinci</span> <span class='ocrx_word' id='word_1_798' title='bbox 889 2213 919 2239; x_wconf 91' lang='lat' dir='ltr'>in</span> <span class='ocrx_word' id='word_1_799' title='bbox 931 2209 1089 2242; x_wconf 82' lang='lat' dir='ltr'>Hispania,</span> <span class='ocrx_word' id='word_1_800' title='bbox 1110 2207 1375 2246; x_wconf 73' lang='lat' dir='ltr'>quamvistoresin</span> 
     </span>
     <span class='ocr_line' id='line_1_140' title="bbox 791 2238 1373 2272; baseline -0.014 -1"><span class='ocrx_word' id='word_1_801' title='bbox 791 2246 906 2272; x_wconf 84' lang='lat' dir='ltr'>ltaliam</span> <span class='ocrx_word' id='word_1_802' title='bbox 918 2244 1014 2272; x_wconf 81' lang='lat' dir='ltr'>trahi,</span> <span class='ocrx_word' id='word_1_803' title='bbox 1036 2242 1190 2269; x_wconf 79' lang='lat' dir='ltr'>malebant.</span> <span class='ocrx_word' id='word_1_804' title='bbox 1211 2241 1309 2266; x_wconf 78' lang='lat' dir='ltr'>Primo</span> <span class='ocrx_word' id='word_1_805' title='bbox 1318 2238 1373 2269; x_wconf 66' lang='lat' dir='ltr'>igi·</span> 
     </span>
     <span class='ocr_line' id='line_1_141' title="bbox 788 2267 1373 2310; baseline -0.014 -6"><span class='ocrx_word' id='word_1_806' title='bbox 788 2282 838 2304; x_wconf 87' lang='lat' dir='ltr'>tur</span> <span class='ocrx_word' id='word_1_807' title='bbox 857 2274 999 2303; x_wconf 88' lang='lat' dir='ltr'>concursu</span> <span class='ocrx_word' id='word_1_808' title='bbox 1017 2281 1106 2308; x_wconf 89' lang='lat' dir='ltr'>quum</span> <span class='ocrx_word' id='word_1_809' title='bbox 1116 2274 1166 2300; x_wconf 83' lang='lat' dir='ltr'>vix</span> <span class='ocrx_word' id='word_1_810' title='bbox 1194 2273 1232 2299; x_wconf 85' lang='lat' dir='ltr'>ila</span> <span class='ocrx_word' id='word_1_811' title='bbox 1241 2267 1373 2310; x_wconf 46' lang='lat' dir='ltr'>copie-Fen</span> 
     </span>
     <span class='ocr_line' id='line_1_142' title="bbox 787 2305 1373 2338; baseline -0.012 -3"><span class='ocrx_word' id='word_1_812' title='bbox 787 2307 875 2335; x_wconf 71' lang='lat' dir='ltr'>essent</span> <span class='ocrx_word' id='word_1_813' title='bbox 888 2324 896 2336; x_wconf 83' lang='lat'>‚</span> <span class='ocrx_word' id='word_1_814' title='bbox 907 2307 1010 2334; x_wconf 88' lang='lat' dir='ltr'>retulit</span> <span class='ocrx_word' id='word_1_815' title='bbox 1018 2306 1152 2338; x_wconf 76' lang='lat' dir='ltr'>pedemrn</span> <span class='ocrx_word' id='word_1_816' title='bbox 1193 2305 1220 2331; x_wconf 85' lang='lat' dir='ltr'>ia</span> <span class='ocrx_word' id='word_1_817' title='bbox 1234 2309 1317 2330; x_wconf 69' lang='lat' dir='ltr'>actes,</span> <span class='ocrx_word' id='word_1_818' title='bbox 1326 2308 1373 2328; x_wconf 80' lang='lat' dir='ltr'>in-</span> 
     </span>
     <span class='ocr_line' id='line_1_143' title="bbox 786 2335 1388 2371; baseline -0.013 -4"><span class='ocrx_word' id='word_1_819' title='bbox 786 2339 1002 2370; x_wconf 84' lang='lat' dir='ltr'>ferentibusque</span> <span class='ocrx_word' id='word_1_820' title='bbox 1011 2337 1066 2364; x_wconf 74' lang='lat' dir='ltr'>sese</span> <span class='ocrx_word' id='word_1_821' title='bbox 1076 2343 1180 2370; x_wconf 81' lang='lat' dir='ltr'>magno</span> <span class='ocrx_word' id='word_1_822' title='bbox 1191 2336 1300 2368; x_wconf 82' lang='lat' dir='ltr'>impet-u</span> <span class='ocrx_word' id='word_1_823' title='bbox 1310 2335 1375 2371; x_wconf 53' lang='lat' dir='ltr'>tto·</span> <span class='ocrx_word' id='word_1_824' title='bbox 1382 2349 1388 2355; x_wconf 91' lang='lat'>-</span> 
     </span>
     <span class='ocr_line' id='line_1_144' title="bbox 790 2365 1392 2426; baseline -0.022 -22"><span class='ocrx_word' id='word_1_825' title='bbox 790 2372 882 2402; x_wconf 69' lang='lat' dir='ltr'>mnis</span> <span class='ocrx_word' id='word_1_826' title='bbox 910 2377 989 2406; x_wconf 81' lang='lat' dir='ltr'>terga</span> <span class='ocrx_word' id='word_1_827' title='bbox 1009 2370 1108 2406; x_wconf 73' lang='lat' dir='ltr'>vertit.</span> <span class='ocrx_word' id='word_1_828' title='bbox 1137 2368 1242 2398; x_wconf 79' lang='lat' dir='ltr'>Nihilo</span> <span class='ocrx_word' id='word_1_829' title='bbox 1257 2365 1392 2426; x_wconf 46' lang='lat' dir='ltr'>segma:-</span> 
     </span>
    </p>
   </div>
  </div>
 </body>
</html>
