1414 2655
19 1283 50 1306 „f

82 158 185 186 πυτατ
196 172 206 187 ,
225 155 306 189 prius
321 159 406 188 qnam
417 157 500 180 tanto
509 159 545 178 ex
557 159 660 186 pavore

12 188 15 190 ’
35 188 42 203 -“
64 191 242 221 ,reciperent
259 187 369 214 animos
381 201 389 215 ‚
408 185 538 211 Annibal
547 186 658 215 agmine

9 231 11 233 ¹
55 224 66 237 ¹
84 221 225 254 quadrato
238 220 351 246 ‘amnem
371 217 509 253 Ingressus
527 234 535 247 ‚
562 213 659 248 fugam

10 257 15 265 ’
82 259 120 280 ex
132 253 194 284 ripa
203 251 289 279 fecit:
307 250 476 282 vastamque
484 249 569 281 agris,
583 250 659 276 intra

81 290 186 318 paucos
211 284 270 310 dies
297 284 470 314 capetanos
496 287 610 313 quoque
628 281 657 306 in

84 316 262 344 deditionem
279 314 398 346 accepit.
428 314 466 338 Et
486 314 542 343 jam
563 313 659 338 omnia

81 351 162 374 trans
171 347 397 378 Iberum‚praeter
407 345 658 378 Saguntinos‚car-

81 377 302 410 thaginienfium
313 381 406 403 erant.

119 411 159 435 Ca
182 427 189 434 .
207 410 269 435 VI.
287 410 362 436 Cum
380 408 544 440 Saguntinis
554 407 659 434 bellurn

86 447 148 469 non
171 447 217 467 um
244 446 305 468 erat
327 448 333 465 :
361 445 494 466 ceterum
513 440 572 470 jam
590 439 659 464 belli

67 493 70 495 -
84 471 172 500 eauffa
191 473 346 500 certamina
365 479 429 498 cum
442 472 575 498 finitimis
586 471 659 496 fere-

68 519 70 521 ·
83 505 188 532 bantur
197 521 205 533 ,
216 504 338 530 maxime
349 504 535 530 Turdetanis.
555 503 659 535 quibus

70 557 77 562 ..
89 543 174 571 quum
192 536 294 562 adesset
306 536 381 562 idem
395 551 402 562 ,
415 537 464 567 qui
477 535 538 562 litis
547 540 609 561 erat
619 533 673 567 sa-,

87 572 145 599 tor,
153 574 204 594 nec
214 573 355 594 certamen
366 567 448 599 juris,
458 567 506 593 sed
518 568 574 592 vim
585 574 660 598 quze-

86 600 264 635 :lappareret
275 616 283 630 ‚
303 600 389 632 legati
400 600 415 624 a
424 599 588 631 Saguntinis
599 600 660 634 Ro-

87 637 157 659 mam
167 631 242 657 miffi
254 648 261 660 ,
282 632 424 657 auxilium
439 632 475 657 ad
488 631 591 657 bellum
601 637 659 660 Jarn

83 662 160 690 haud
178 663 264 690 dubie
276 664 428 689 imminens
436 668 561 688 orantes.
581 664 660 688 Con-

81 693 156 722 sules
163 700 232 721 tunc
245 697 343 721 Romae
352 700 433 720 erant
444 711 451 722 ‚
463 695 495 718 P.
508 694 662 720 cornelius

83 726 178 764 scipio
189 743 197 755 ,
218 727 248 754 ὃς
261 727 309 756 Ti.
322 727 505 756 sempronius
519 727 637 757 Longus
652 733 658 750 :

106 765 136 784 nt
148 765 236 789 quum
248 775 256 788 ,
276 759 375 790 legatis
385 760 416 784 in
428 757 556 784 senatum
568 759 662 783 intro-

83 765 187 819 Ειιέὶίς,
199 791 233 816 de
243 791 353 828 republ.
367 789 661 821 retuliflennplacuis-

81 820 182 854 setque
199 823 279 848 mitti
291 822 399 854 legates
409 822 440 847 in
451 820 617 854 Hispaniam
627 820 662 855 ad

83 859 128 879 res
147 851 290 880 sociorum
300 853 508 888 inspiciendas3
527 853 629 885 quibus
639 852 660 877 ii

81 885 227 912 videretur
243 886 331 918 digna
347 885 436 912 causta
447 902 454 914 ‚
475 885 503 911 ὃ(
524 885 661 910 Annibali

82 917 301 946 denunciarent,
312 923 346 942 ut
355 918 389 943 ab
402 916 568 948 Saguntinis
578 917 662 942 sociis

80 950 182 983 populi
194 951 279 975 Rom.
292 949 444 975 abstineret
453 966 461 977 ‚
471 949 500 975 ὅ(
513 948 660 980 Carthagi-

82 981 186 1007 nemin
202 981 330 1007 Africam
341 981 518 1008 trajicerent,
528 986 560 1006 ac
570 980 659 1006 socio-

82 1019 146 1039 rum
159 1014 258 1046 populi
269 1013 395 1039 Romani
405 1012 600 1044 querimonias
610 1013 659 1038 de-

82 1043 205 1071 ferrent.
225 1045 286 1070 Hae
296 1045 438 1077 legatione
451 1045 563 1070 decreta
576 1060 584 1071 ,
606 1050 659 1074 nec

82 1075 150 1111 dum
162 1076 239 1103 inissa
249 1093 256 1105 ‚
276 1077 406 1102 omnium
417 1075 464 1107 spe
473 1076 592 1102 celerius
611 1077 658 1100 Sa-

83 1112 205 1165 guntum
213 1109 373 1140 oppugnari
383 1107 502 1133 allatum
514 1108 563 1142 eit.
575 1108 660 1133 Tunc

105 1139 178 1166 'elata
206 1146 240 1165 ex
268 1141 384 1172 integro
404 1146 446 1165 res
463 1140 499 1165 ad
518 1140 657 1164 leuatum.

79 1171 144 1199 Alli
153 1171 314 1205 provincias
322 1170 486 1197 consulibus
495 1169 660 1201 Hispaniam

64 1218 65 1221 =
79 1208 167 1234 atque
178 1203 304 1230 Africam
312 1204 504 1230 decernentes,
516 1208 594 1228 terra
603 1209 660 1226 ma-

31 1248 34 1249 r
63 1245 71 1251 >
82 1235 165 1266 rique
174 1242 233 1260 rem
241 1235 396 1266 gerendam
407 1234 557 1260 censebant
570 1242 576 1258 t
597 1234 657 1261 alii,

67 1269 177 1302 *totum
196 1267 227 1292 in
248 1266 414 1298 Hispaniam
433 1266 659 1298 Annibalemque

50 1298 275 1326 wintendebant
296 1299 410 1324 bellurn.
434 1299 524 1324 Erant
535 1298 584 1330 qui
598 1305 659 1323 non

79 1333 189 1357 »temere
211 1332 378 1357 movendam
389 1337 448 1355 rem
462 1336 568 1356 tantam
581 1346 589 1358 ‚
608 1336 656 1355 ex-

46 1360 302 1396 ,rspestandosque
332 1369 366 1397 e}
389 1361 528 1392 Hispania
549 1362 658 1394 legatos

30 1404 34 1415 ··
81 1394 240 1421 censerent.
260 1397 327 1420 Haec
338 1394 489 1421 tententia,
501 1400 563 1425 quae
574 1392 659 1420 tutis-

19 1455 22 1458 ,
82 1426 151 1453 fima
170 1426 321 1453 videbatur
333 1443 341 1455 ‚
360 1426 450 1451 vicit:
471 1425 613 1457 legatique
627 1433 659 1451 eo

61 1469 64 1472 -
81 1460 222 1486 maturius
233 1458 304 1484 missi
316 1459 346 1483 Ρ.
359 1457 491 1483 Valerius
501 1457 658 1486 Flaccus&

81 1491 121 1524 Q
131 1492 241 1518 Baebius
252 1490 420 1522 Tamphilus
432 1505 439 1517 ‚
456 1491 610 1521 Saguntum
621 1489 658 1515 ad

80 1523 266 1550 Annibalem,
276 1528 362 1554 atque
370 1521 440 1547 inde
448 1521 659 1552 Carthaginem,

80 1554 104 1581 si
127 1561 187 1581 non
205 1555 383 1580 absisteretur
404 1553 496 1582 bello,
514 1553 548 1578 ad
559 1553 659 1578 ducem

63 1615 65 1617 ,
80 1586 92 1613 i
113 1585 173 1613 sum
185 1588 214 1612 in
225 1593 338 1620 poenam
352 1585 470 1611 foederis
481 1585 560 1617 rupti
569 1585 659 1616 depo-

96 1620 228 1645 cendum.

115 1652 187 1682 Cap.
205 1651 232 1675 V
244 1651 294 1676 11.
321 1651 399 1675 Dum
419 1654 449 1674 ea
470 1648 597 1677 Romani
611 1655 659 1681 pa-

82 1688 151 1708 rant
171 1679 390 1712 consultantque
399 1697 406 1708 ‚
426 1681 482 1711 iam
502 1682 657 1712 Saguntum

84 1714 191 1740 summa
212 1715 240 1740 vi
261 1713 487 1746 oppugnabatur.
509 1713 617 1738 civitas
627 1719 658 1737 ea

83 1747 172 1778 longe
195 1745 408 1780 opulentissima
435 1745 514 1769 ultra
540 1744 654 1770 lber-um

84 1777 143 1804 fuit
154 1795 162 1807 ,
182 1778 234 1803 fita
253 1777 340 1807 panus
359 1776 439 1802 mille
451 1775 539 1801 ferme
550 1776 565 1801 ‘a
574 1776 656 1801 mari.

83 1809 210 1836 Oriundi
219 1808 234 1835 a
245 1809 396 1840 zacyntho
407 1807 499 1834 insula
509 1809 657 1835 dicuntur,

82 1843 224 1873 mixtique
235 1842 319 1867 etiarn
330 1840 365 1866 ab
378 1839 468 1865 Ardea
480 1840 659 1866 Rutulorum

82 1873 200 1905 quidam
219 1874 340 1904 generis.
361 1877 492 1906 caeterum
515 1873 544 1897 in
564 1877 658 1898 tantas

81 1905 160 1931 brevi
179 1910 327 1931 creverant
345 1910 411 1936 opes
422 1919 429 1932 ‚
447 1904 495 1929 ieu
506 1904 659 1938 maritimis

83 1935 132 1963 seu
143 1936 324 1967 terrestribus
335 1935 490 1963 frutribus,
503 1935 549 1970 teu
561 1936 659 1961 multi-

82 1968 195 1995 tudinis
215 1969 395 1994 incremento
413 1983 420 1996 ‚
444 1965 492 1992 seu
510 1967 659 1993 lancinare

77 1999 237 2032 disciplinae
249 2016 257 2028 ‚
271 2005 326 2032 qua
336 1999 420 2026 fidem
433 1998 562 2024 socialem
572 1999 661 2030 usque

82 2033 119 2059 ad
131 2032 284 2064 perniciem
296 2031 370 2057 suam
382 2031 546 2056 coluerunt.
566 2033 659 2057 Anni·

83 2064 129 2091 bal
147 2064 252 2090 infesto
271 2063 401 2089 exercitu
422 2061 556 2096 ingressus
567 2063 638 2088 fines
650 2079 659 2091 ‚

81 2096 246 2129 pervastatis
257 2095 350 2123 panim
359 2094 545 2151 azrismrbem
555 2096 660 2127 tripar-

80 2129 139 2155 tito
157 2128 332 2160 aggreditur.
351 2128 376 2152 A
402 2127 485 2157 gulus
504 2127 581 2152 muri
600 2132 661 2153 erat

82 2161 115 2187 in
127 2160 284 2191 planiorem
293 2158 540 2191 patentioremque
550 2175 556 2187 ‚
574 2164 658 2189 quam

84 2197 185 2218 caetera
195 2191 269 2217 circa
279 2208 286 2219 .
302 2191 403 2217 vallem
415 2196 542 2222 vergens.
560 2191 659 2216 adver-

84 2222 131 2250 sus
150 2229 213 2249 eum
233 2223 327 2249 vineas
349 2228 431 2253 agere
445 2221 573 2248 instituit
586 2238 592 2250 ‚
611 2229 660 2249 ner

85 2260 156 2287 quas
173 2255 248 2280 aries
257 2254 400 2280 moenibus
409 2253 552 2279 admoveri
562 2253 659 2286 poss‘et.

84 2287 138 2313 Sed
149 2291 182 2313 ut
193 2286 273 2312 locus
285 2286 384 2317 procul
393 2291 477 2311 muro
487 2283 554 2311 satis
562 2291 601 2316 aeq
607 2291 660 2310 uus

84 2318 200 2351 agendis
211 2318 301 2345 vineis
313 2317 383 2349 fuit3
395 2318 434 2344 ita
445 2318 660 2349 haudquaquam

83 2347 217 2382 prospere
227 2365 235 2378 ‚
255 2349 402 2382 postquam
410 2349 446 2387 ad
456 2347 582 2375 effestum
595 2356 663 2380 ope-

82 2382 123 2410 ris
133 2387 249 2410 ventum
257 2381 297 2411 est
307 2398 316 2414 ‚
332 2386 432 2416 coeptis
440 2380 614 2410 succedebat.
631 2381 662 2410 8<

504 108 574 141 Li
601 117 724 141 nnn
765 107 882 141 xxi.

713 152 806 178 turris
823 153 924 185 ingens
942 150 1126 178 imminebat:
1143 116 1291 185 &mursssz

713 189 745 211 ut
758 185 789 211 in
800 183 926 216 suspecto
936 185 1010 214 loco,
1019 183 1105 216 supra
1113 189 1218 210 caeterae
1228 193 1292 212 mo.

713 217 781 243 dum
799 217 968 244 altitudinis
984 216 1132 243 emunitus
1150 221 1211 243 erat
1235 226 1241 242 ε
1258 217 1289 246 ὅς

712 250 848 280 juventus
866 249 974 275 delesta
984 264 992 277 ‚
1013 248 1064 274 ubi
1074 247 1231 280 plurimum
1244 256 1291 279 pe-

714 281 799 307 riculi
813 288 845 307 ac
855 280 960 306 laboris
970 279 1173 306 ostendebatur
1183 296 1190 308 ,
1211 280 1251 306 ibi
1264 282 1290 307 xi

713 315 822 342 majore
838 312 1021 338 obfistebant.
1040 314 1083 338 Ac
1099 311 1195 344 primo
1204 312 1290 338 miffin

710 344 787 370 libus
805 343 981 370 summovere
1001 344 1129 369 hostem:
1148 350 1201 370 nec
1211 345 1292 376 quic-

711 383 795 407 quam
816 377 882 402 latis
901 380 998 402 tutum
1007 375 1207 403 munientibus
1219 376 1289 407 pati.

710 408 814 434 deinde
832 409 890 438 jam
912 413 971 433 nnn
988 414 1042 444 pro
1051 407 1194 434 moenibus
1204 409 1293 442 modo

711 443 796 470 atque
807 439 883 465 turri
893 439 951 465 tela
963 445 1077 468 micare,
1093 438 1139 466 sed
1149 440 1185 466 ad
1196 447 1291 466 etum-

713 478 764 501 pen
771 472 840 497 dum
860 471 946 497 etiam
959 471 990 497 in
1001 470 1138 497 stationes
1147 477 1292 504 operaque

709 503 835 529 hostium
844 503 957 528 animus
968 508 1028 528 erat
1041 511 1048 527 :
1067 503 1172 534 quibus
1182 504 1291 530 tumul-

710 535 813 561 tuariis
829 534 1032 562 certaminibus
1040 533 1117 561 haud
1128 535 1216 560 ferme
1228 536 1292 566 plu—

710 573 754 592 res
764 567 918 598 saguntini
928 566 1065 592 cadebant
1077 583 1084 596 ‚
1098 573 1181 598 quam
1193 567 1290 594 Poeni.

713 599 754 624 Ut
774 605 843 624 vero
862 599 990 624 Annibal
1003 596 1076 635 ipson,
1095 599 1166 625 dum
1175 606 1291 631 murum

711 631 855 656 incautius
865 630 942 656 subit
952 647 960 659 ,
969 631 1117 656 advenum
1127 631 1223 658 femur
1233 637 1292 658 tra-

709 662 776 718 5ula
784 662 908 694 graviter
918 662 989 688 ictus
999 662 1113 694 cecidit3
1126 668 1208 689 tanta
1216 665 1291 691 circa

725 701 779 727 uga
798 701 827 720 ac
842 694 994 728 tripidatio
1004 693 1063 720 fuit
1074 710 1082 723 ,
1099 699 1133 720 ut
1144 701 1204 720 non
1215 695 1291 721 mul-

712 731 773 760 tum
785 726 887 752 abeflet
897 742 905 756 ‚
919 727 992 758 quin
1004 732 1090 759 opera
1100 733 1133 753 ac
1143 727 1230 753 vineoe
1241 727 1290 754 de-

711 757 884 784 sererentur.

743 790 813 821 Cap.
832 791 858 813 v
872 790 886 815 1
896 789 909 815 1
920 790 945 815 1.
971 788 1091 815 obfidio
1112 789 1218 817 deinde
1237 797 1288 822 per

712 827 814 850 paucos
834 821 896 847 dies
915 821 1002 854 magis
1013 827 1098 852 quarn
1108 823 1289 854 oppugnatio

709 852 777 880 fuir,
788 853 855 879 dum
866 854 970 879 vulnus
979 853 1061 878 ducis
1069 858 1228 880 curaretur.
1239 862 1291 886 per

710 885 788 915 quod
818 890 930 916 ternpus
949 890 984 910 ut
1000 886 1079 917 quies
1096 887 1287 913 certaminum

709 921 770 942 erat
783 933 791 945 ‚
812 916 854 943 ita
862 916 897 943 ab
907 923 941 949 ap
961 922 1044 942 aratu
1053 923 1173 948 operum
1182 925 1215 944 ac
1226 925 1290 944 rnu-

708 947 854 974 nitionum
874 924 1125 979 ,ιιί1ι1ῗιτείῖὲιῐιιῐιπ.Α
1139 949 1239 980 Itaque
1259 957 1288 977 a-

708 980 786 1017 erius
803 981 962 1015 deqintegro
972 981 1109 1006 obortum
1121 980 1159 1006 est
1169 981 1288 1012 bellum,

709 1012 896 1043 pluribuique
918 1012 1064 1041 partibus,
1086 1012 1133 1038 vix
1145 1014 1288 1045 accipien-

708 1043 786 1069 tibus
807 1039 976 1075 quibusdam
994 1051 1079 1075 opera
1088 1044 1158 1070 locis
1169 1060 1177 1073 ‚
1196 1046 1287 1071 vineae

706 1081 799 1106 coepta
809 1076 865 1109 agi,
875 1077 1074 1107 admoverique
1084 1076 1167 1102 aries.
1186 1078 1287 1106 Abun-

705 1107 790 1133 dabat
799 1108 988 1134 multitudine
997 1107 1146 1133 hominum
1159 1108 1265 1135 Poenus
1277 1115 1286 1141 ;

705 1138 741 1164 ad
761 1145 876 1165 centum
886 1141 963 1165 enim
973 1139 1184 1172 quinquaginta
1195 1141 1289 1168 millia

707 1170 830 1197 habuiss‘e
848 1172 880 1197 in
898 1172 984 1196 armis
1001 1171 1140 1197 creditur.
1159 1173 1288 1205 Oppida-

706 1202 738 1227 ni
757 1203 792 1228 ad
815 1203 914 1229 omnia
931 1203 1038 1229 tuenda
1057 1207 1143 1234 atque
1152 1203 1286 1231 obeunda

707 1234 879 1260 multimoda
888 1239 949 1260 arte
959 1233 1089 1270 distineri
1101 1236 1188 1273 coepti
1198 1234 1265 1262 sunt
1276 1244 1285 1263 ε

707 1265 735 1290 Sc
756 1273 815 1291 non
835 1266 1025 1292 sufficiebant.
1040 1273 1098 1297 Jam
1111 1273 1188 1293 enim
1200 1267 1289 1294 ferie-

709 1296 813 1324 bantur
821 1299 959 1324 arletibus
967 1300 1053 1324 muri.
1065 1298 1204 1332 Qaffitat
1214 1307 1288 1332 quo-

709 1335 765 1360 qne
785 1331 882 1356 multze
904 1334 997 1361 partes
1009 1336 1103 1357 erant.
1122 1337 1179 1358 una
1190 1333 1288 1359 conti-

707 1361 844 1387 nentibus
868 1362 961 1388 ruinis
987 1362 1144 1390 nudaverat
1163 1363 1283 1391 urbem:

707 1398 765 1418 tres
776 1394 906 1431 deinceps
917 1399 1019 1422 turres,
1030 1400 1225 1427 quantumque
1237 1396 1286 1421 in-

707 1429 751 1450 ter
761 1431 804 1451 eas
813 1433 888 1451 muri
898 1431 958 1452 erat
969 1442 976 1454 ,
988 1432 1050 1452 cum
1060 1427 1174 1460 fragore
1184 1427 1287 1456 ineen-¹

709 1456 731 1482 ri
743 1457 925 1488 prociderant
939 1465 946 1482 ε
964 1461 1135 1490 captumque
1143 1459 1285 1490 oppidum

706 1494 738 1512 ea
756 1489 841 1515 ruina
850 1489 1030 1516 crediderant
1039 1490 1122 1516 Poeni
1135 1497 1144 1522 ;
1161 1497 1227 1523 qua,
1237 1498 1286 1517 ve.

707 1519 751 1546 lut
769 1519 792 1546 ss
813 1521 923 1551 pariter
940 1520 1078 1554 utrosque
1086 1528 1186 1549 murus
1196 1523 1289 1550 texis-

705 1550 747 1578 set
760 1569 768 1581 ‚
789 1552 830 1578 ita
839 1554 983 1584 utrimque
992 1553 1024 1579 in
1035 1559 1157 1585 pugnarn
1165 1562 1288 1588 procur-

705 1580 766 1609 sum
787 1584 836 1610 est.
865 1585 956 1610 Nihilv
970 1585 1166 1616 tumultuariae
1183 1593 1286 1619 pustnae

705 1615 797 1642 simile
806 1617 1015 1652 e1·at‚qualesin
1023 1607 1286 1650 oppugnationibus

706 1647 822 1673 urbiutn
840 1655 890 1679 per
911 1649 1086 1684 occaixonem
1107 1650 1196 1681 partis
1213 1651 1284 1678 alte-

707 1680 766 1705 rius
785 1679 895 1706 conseri
913 1679 1007 1706 solent
1019 1689 1026 1707 :
1043 1681 1092 1708 ted
1110 1681 1191 1712 justa:
1199 1684 1285 1712 acies,

707 1712 785 1738 velut
806 1712 915 1743 patenti
935 1718 1032 1744 campo
1050 1729 1058 1742 ,
1088 1712 1166 1740 inter
1184 1715 1285 1742 ruinas

707 1744 782 1770 rnuri
802 1743 930 1776 testaque
947 1744 1026 1770 urbis
1044 1745 1160 1771 modico
1177 1746 1286 1772 distan-

704 1775 744 1803 tia
755 1776 910 1802 intervallo
919 1775 1117 1803 constiterant.
1136 1777 1203 1804 hinc
1212 1778 1286 1809 spes,

706 1808 774 1833 hinc
792 1807 847 1833 des
862 1808 953 1834 erario
962 1808 1074 1834 animos
1082 1809 1180 1836 irritat
1191 1819 1198 1835 .-
1218 1811 1284 1836 Ρω-

706 1846 746 1864 no
756 1839 815 1871 cepi
840 1846 854 1864 e
864 1839 921 1869 jam
931 1839 956 1865 se
966 1840 1063 1865 urbem
1073 1856 1081 1869 ‚
1102 1840 1124 1866 fi
1135 1842 1284 1871 paululum

704 1871 856 1897 adnitatur
868 1888 875 1900 ,
886 1872 1020 1897 credente
1031 1878 1039 1902 ς
1058 1873 1222 1904 Saguntinis
1232 1881 1286 1906 pro

708 1903 816 1929 nudata
835 1903 975 1929 moenibus
1012 1904 1086 1930 atria
1101 1911 1223 1938 corpora
1232 1913 1284 1938 op-

708 1935 882 1972 ponentibus
892 1951 900 1963 ,
911 1942 963 1961 nec
974 1911 1038 1962 uilo
1047 1936 1145 1968 pedem
1158 1937 1284 1964 κᾶε-επι-

710 1972 747 1993 te,
760 1973 797 1991 ne
808 1967 908 1992 relie'to
919 1966 934 1992 a
945 1965 972 1992 se
982 1967 1050 1994 ioco
1060 1967 1167 1994 hostem
1178 1969 1284 1997 immit-

710 2003 792 2024 teret.
810 1999 913 2030 mque
922 2005 982 2030 quo
991 1999 1084 2026 acrius
1092 1999 1119 2026 8<
1130 2000 1283 2027 confertim

710 2030 796 2059 mazis
805 2031 952 2062 utrimque
961 2031 1138 2064 pugnabant,
1147 2039 1182 2058 eo
1190 2033 1288 2065 plures

710 2063 935 2088 vulnerabantur
955 2069 964 2093 ς
990 2063 1075 2089 nullo
1102 2063 1180 2089 inter
1207 2071 1285 2093 arma

711 2100 886 2126 corporaque
907 2101 980 2120 vano
1000 2095 1194 2122 intercidente
1212 2096 1286 2123 tela.

711 2126 838 2152 Falarica
858 2131 919 2152 erat
930 2127 1095 2159 Saguntinis
1105 2143 1112 2155 ‚
1133 2127 1235 2154 missile
1244 2133 1287 2155 te-

710 2158 770 2184 lum
782 2157 874 2183 hastili
885 2158 1020 2189 oblongo,
1031 2158 1059 2184 8<
1070 2163 1170 2185 caetera
1181 2160 1266 2186 tereti
1277 2165 1287 2192 ς

711 2194 900 2222 praeterquam
912 2190 948 2215 ad
958 2195 1129 2219 eXtremum,
1140 2192 1219 2218 unde
1228 2191 1287 2217 fer-

714 2227 776 2247 rum
795 2222 920 2247 exrabat.
938 2221 969 2247 id
980 2237 988 2249 ‚
1006 2221 1080 2248 sicut
1090 2223 1118 2248 ln
1129 2223 1190 2254 pilo
1200 2239 1209 2252 ‚
1220 2229 1291 2255 qua-

713 2254 827 2279 dratum
837 2253 935 2283 stuppa
945 2253 1178 2286 circumligabant
1188 2271 1196 2283 ‚
1215 2255 1292 2282 line-

714 2285 840 2315 bantque
861 2285 932 2314 pite.
952 2285 1072 2311 Ferrum
1082 2292 1178 2312 autern
1189 2289 1288 2314 tres—in

713 2318 832 2350 longum
843 2316 960 2342 habebat
969 2317 1051 2348 pedes
1061 2333 1069 2345 ‚
1089 2323 1122 2344 ut
1131 2325 1194 2344 cum
1205 2321 1289 2346 armis

713 2348 880 2378 transfigere
890 2354 993 2379 corpus
1025 2349 1103 2376 osset.
1123 2351 1175 2377 sed
1187 2351 1217 2376 id
1229 2358 1287 2376 ma-

712 2381 789 2407 xime
806 2380 892 2407 etiam
910 2378 932 2405 fi
949 2380 990 2406 hte
1004 2380 1198 2412 iffetinscuto
1210 2398 1219 2411 ‚
1236 2389 1296 2411 nce.

944 2411 971 2440 1..
986 2418 1008 2445 4
1201 2420 1287 2448 penes
