1414 2655
407 109 628 144 Linea
673 109 850 145 xxllr.

31 153 95 184 aii
108 163 115 181 :
131 153 164 183 ze
173 153 398 192 undesexaginta
407 154 463 181 vivi
475 155 612 188 capti,qui

32 188 110 214 circa
128 193 227 214 muros
245 189 275 215 δι
292 189 325 214 in
334 187 505 213 stationibus
516 186 611 215 solute

33 225 67 246 ac
85 219 262 252 negligenter
278 223 393 251 agentes
404 233 413 245 ,
430 225 520 250 quum
532 219 607 246 nihil

34 250 131 277 nunus
149 257 234 283 quam
251 251 432 286 eruptionem
442 250 611 281 timuissent,

34 287 72 309 ex
84 281 238 316 improviso
246 281 368 315 oppressi
379 281 505 308 fuerant.
522 285 612 309 Grac-

31 314 103 341 chus
113 331 122 344 ,
141 314 304 348 priusquam
320 313 349 340 se
366 313 457 340 hostes
465 314 501 340 ab
511 321 613 350 repen-

29 347 105 372 ‘tino
115 352 220 379 pavore
231 346 403 378 colligerent
413 361 422 375 ‚
433 348 558 378 receptui
577 347 615 372 ii-

26 384 127 410 gnum
145 378 230 408 dedit,
236 393 244 407 ,
261 383 293 404 ac
301 378 366 404 suos
376 379 454 404 intra
462 385 562 405 muros
571 385 610 404 re-

22 410 124 442 ».cepit.
151 409 265 436 Postero
293 409 341 436 die
359 409 488 436 Annibal
504 410 611 436 elatum

37 439 160 468 secunda
187 448 219 466 re
250 440 393 468 consulem
413 441 489 472 justo
506 441 613 475 proelio

36 477 116 499 ratus
126 477 303 499 certaturum
315 489 323 502 ‚
340 473 428 499 aciem
437 473 515 500 inter
524 474 613 500 castra

35 509 124 536 atque
141 504 240 530 urbem
252 505 401 531 instruxit.
418 511 549 532 caeterum
562 511 611 536 po-

36 535 178 567 steaquam
198 538 342 563 neminem
362 538 469 563 moveri
483 537 518 562 ab
528 536 613 564 solita

29 567 166 596 ,custodia
185 568 264 594 urbis
283 568 379 597 vidit,
399 575 453 596 nec
470 570 612 595 committi

35 600 186 633 quicquam
208 601 361 626 remerariae
371 600 450 632 spei,
466 601 502 627 ad
513 601 612 628 Tifata

36 630 110 658 redit
129 631 235 657 infecta
252 637 289 657 re.
323 632 434 663 Quibus
446 632 543 658 diebus
554 634 611 659 Cu-

22 669 89 694 ,mae
106 662 231 689 liberatae
249 662 317 689 sunt
327 664 473 689 oblidione
485 680 493 692 ‚
511 663 611 690 iisdem

33 693 133 721 diebus
141 711 149 723 ,
160 694 190 721 &
201 696 232 722 in
243 696 366 722 Lucanis
374 696 409 721 ad
420 698 612 722 Grumentum

33 726 86 752 Ti.
108 727 309 757 sempronius,
326 729 372 753 cui
393 727 496 759 Longo
506 734 611 760 cogno-

34 763 102 783 men
120 762 181 784 erat
192 776 199 787 ‚
217 765 280 785 cum
289 761 432 785 Hannone
444 761 534 785 Poeno
546 767 609 791 pro-

32 788 53 814 s
84 795 114 815 re
131 795 249 828 pugnat.
274 792 362 820 Supra
380 791 439 817 duo
459 791 611 817 milliaho-

61 820 121 847 ium
130 822 238 848 occidit
252 838 260 851 ‚
275 822 304 849 ὅ(
313 824 452 849 ducentos
464 823 611 855 octoginta

34 852 143 878 milites
168 853 261 880 amisit
282 863 289 878 :
315 854 393 887 sffina
420 855 557 881 militaria
577 857 610 890 ad

33 884 226 917 quadraginta
246 892 334 912 unum
352 887 438 917 cepit.
458 886 558 914 Pulsus
576 888 611 913 fi-

30 916 120 942 nibus
129 916 251 944 Lucanis
262 919 378 946 Hanno,
391 919 510 944 retroiri
522 920 613 945 Brut-

34 947 93 974 tios
112 945 169 973 sese
190 950 304 980 recepit.
326 951 362 976 Et
372 956 407 975 ex
418 951 549 980 Hirpinis
560 959 609 984 op-

33 979 101 1011 pida
119 979 174 1005 tria
198 996 206 1010 ,
231 987 293 1013 quae
313 980 327 1008 a
348 982 453 1013 populo
475 983 609 1009 Romano

32 1009 196 1037 defecerant
212 1028 221 1041 ,
246 1013 274 1038 vi
294 1018 406 1044 recepta
426 1020 475 1045 per
496 1015 539 1039 M.
552 1015 608 1039 Va—

34 1042 141 1069 lerium
169 1049 329 1074 praetorem.
359 1045 519 1071 Vercellius
539 1046 608 1072 Sici-

20 1073 146 1106 .1iusque
172 1090 181 1103 ‚
204 1076 333 1102 austeres
362 1076 535 1104 defet‘tionis
565 1077 608 1103 se-

32 1106 97 1133 euri
162 1107 254 1133 rcuffi.
284 1106 367 1146 supra
386 1109 467 1134 mille
484 1110 608 1141 captivo-

32 1144 97 1164 rum
128 1138 251 1165 ubhasta
260 1145 429 1166 venierunt:
449 1142 542 1172 praeda
552 1142 608 1167 alia

30 1169 131 1228 11ιὲῑίῑέἶ
137 1171 278 1201 comesta,
295 1173 438 1199 exercitus
457 1173 607 1201 Luceriam

31 1207 64 1228 re
84 1208 104 1228 u
133 1208 175 1228 us.

64 1234 133 1266 Cap.
156 1234 377 1262 XXXVIII.
398 1237 474 1263 Dum
494 1237 554 1264 haec
574 1238 605 1264 in

32 1263 157 1304 Lucanis
173 1271 260 1298 atque
271 1268 301 1293 in
315 1269 605 1302 Hirpinisgeruntur,

34 1301 160 1328 quinque
170 1304 253 1325 naves
262 1315 270 1327 ,
289 1305 350 1331 quae
361 1301 552 1328 Macedonum
563 1307 604 1328 at-

33 1333 88 1361 que
99 1328 253 1357 Poenorum
261 1337 356 1363 captos
365 1332 474 1363 legatos
485 1335 605 1359 Romam

32 1360 202 1398 portabant,
216 1363 250 1389 ab
271 1361 375 1394 supero
394 1366 465 1390 mari
484 1365 519 1392 ad
532 1365 607 1391 infe-

22 1396 96 1427 rtum
112 1393 301 1420 circumvec‘iae
319 1402 408 1426 prope
426 1402 540 1422 omnem
550 1398 608 1424 Ita-

13 1455 16 1457 ,
29 1421 77 1450 11ae
93 1430 172 1450 oram
183 1441 191 1453 ‚
209 1432 296 1458 quum
316 1433 417 1458 praeter
427 1429 529 1454 cumas
539 1430 607 1456 velis

33 1453 196 1491 ferrentur,
213 1464 304 1490 neque
324 1459 449 1484 hostium
460 1467 495 1485 an
514 1460 606 1487 socio-

29 1487 188 1514 rumesient
199 1504 206 1517 ‚
225 1489 292 1516 fiatis
304 1489 423 1516 sciretur
437 1507 444 1519 ‚
461 1492 605 1519 Gracchus

29 1517 140 1545 obviarn
149 1526 186 1546 ex
196 1520 275 1548 clafle
284 1520 332 1548 sua
342 1528 425 1548 naves
434 1523 520 1549 milit.
539 1531 603 1550 cum

30 1551 241 1581 percunctando
264 1555 384 1580 invicem
403 1556 552 1585 cognitum
562 1553 604 1582 es-

28 1579 73 1608 set
82 1597 92 1611 ‚
101 1583 245 1611 consulem
255 1586 355 1612 Cumis
364 1586 414 1612 effe
425 1593 433 1618 ;
452 1593 536 1613 naves
547 1589 604 1614 Cu—

32 1617 90 1638 mas
98 1619 115 1639 a
134 1615 228 1652 pulsae‚
239 1617 400 1649 captivique
410 1618 445 1644 ad
456 1617 602 1645 consulem

33 1643 108 1671 dedu
135 1647 304 1684 ig&literae
314 1650 396 1676 datae.
414 1650 524 1677 Consul
536 1652 602 1677 lite-

33 1674 75 1701 ris
91 1676 185 1710 Philip
206 1678 215 1705 i
235 1685 321 1713 atque
341 1681 494 1708 Annibalis
513 1683 601 1714 perle-

30 1705 85 1733 eus
100 1724 109 1734 .
125 1715 176 1735 con
190 1716 286 1743 ignata
305 1714 402 1739 omnia
419 1714 455 1739 ad
473 1713 602 1742 senatum

30 1736 136 1766 'nnete
154 1743 276 1769 terrestri
296 1745 373 1770 misit
389 1752 395 1769 :
416 1746 534 1772 navibus
552 1748 600 1773 de-

31 1770 94 1796 vehi
108 1771 307 1808 legatosjussit.
325 1777 422 1808 Qiurn
431 1778 530 1803 eodem
541 1778 602 1804 fere

27 1800 78 1837 <le
97 1803 188 1830 literae
205 1805 290 1838 legati
313 1814 349 1834 ue
373 1809 494 1834 Romam
511 1809 605 1836 venis-

28 1832 112 1862 ient‚
132 1835 161 1862 &
180 1843 284 1868 percun
314 1839 411 1865 atione
421 1839 510 1870 fasta,
527 1841 604 1868 dicta

25 1869 93 1891 cum
101 1863 214 1899 scriptis
224 1876 424 1903 congruerent}
434 1873 528 1903 priino
539 1879 603 1905 gra-

27 1896 71 1923 vis
86 1904 155 1925 cura
172 1899 268 1938 Patres
284 1903 395 1928 incenit
406 1919 414 1931 ‚
430 1910 579 1932 cernentes
592 1921 601 1935 ‚

13 1933 135 1960 rquanta
170 1937 218 1957 vix
244 1934 434 1962 tolerantibus
460 1936 601 1963 Punicum

23 1958 329 1999 beliumffliacedonici
343 1967 410 1992 belli
420 1968 507 1994 moles
517 1969 603 1995 insta-

27 1995 83 2018 ret.
105 1999 152 2020 cui
172 2000 263 2021 tamen
281 1998 353 2023 adeo
372 2005 431 2024 non
451 1998 605 2026 succubue-

27 2026 98 2051 runt
106 2041 114 2054 ‚
133 2031 166 2052 ut
177 2030 320 2060 extemplo
329 2030 494 2062 agitaretur.
505 2038 603 2063 quem—

23 2054 179 2083 admodum
187 2059 267 2085 ultro
276 2060 428 2088 inferendo
440 2063 516 2088 bello
524 2070 603 2089 aver-

30 2088 124 2114 terent
140 2088 174 2114 ab
192 2091 275 2116 ltalia
285 2092 401 2118 hostem.
430 2094 559 2126 Captivis
572 2097 600 2121 in

29 2116 142 2146 vincula
151 2123 236 2148 condi
247 2122 545 2158 justis,comitibiiique
553 2133 601 2152 eo-

29 2153 102 2188 rum·
111 2150 245 2190 subbasta
257 2155 381 2182 venditis
391 2172 398 2184 .
416 2158 451 2184 ad
462 2164 544 2184 naves
556 2159 600 2184 vi—

61 2186 105 2208 nti
124 2189 268 2217 quinque,
289 2188 394 2219 quibus
416 2189 447 2214 Ρ.
465 2190 597 2216 Valerius

97 2220 145 2240 ms
163 2218 308 2245 prze'festus
328 2225 446 2249 praeerat
467 2237 474 2249 ,
495 2221 600 2252 vitzinti

28 2247 137 2282 Ρὲ-Ιζὲῑεε
153 2246 220 2286 alias
236 2250 404 2277 decernunt.
428 2253 479 2278 His
488 2259 599 2286 compa-

14 2279 98 2314 ,ητις
107 2276 286 2312 ἀεᾰιιὲὶιΐαιιο
297 2298 304 2310 ,
316 2282 345 2309 Sc
353 2283 461 2309 additis
471 2285 600 2316 quinque

28 2307 146 2335 navibus
156 2324 165 2337 ‚
174 2317 235 2349 quae
243 2314 415 2340 advexerant
425 2317 551 2347 capti-:os
560 2317 599 2342 le-

26 2341 123 2396 ffatos,
139 2345 348 2377 quinquaginta
367 2352 449 2372 naves
466 2348 501 2373 ab
521 2348 596 2374 Ostia

53 2375 183 2400 arentum
193 2376 324 2407 profectae
334 2385 346 2403 ε.
353 2377 495 2411 iuffusque
506 2379 600 2407 Eva—

648 155 747 184 lerius,
759 155 901 182 militibus
908 154 1112 184 varroniani&
1123 156 1232 188 quibu:

650 188 687 214 L.
700 188 835 222 Apustius
844 189 953 223 legatus
962 188 1084 214 Tarenti
1098 194 1230 220 praerat.

652 220 682 246 in
694 226 778 245 naves
787 221 825 246 im
846 217 1083 252 oiitis.quinqua
1104 220 1167 247 inta
1180 227 1233 246 na-

651 251 729 278 vium
757 253 800 278 cla
823 259 838 277 e
856 257 917 277 non
935 253 1011 278 tueri
1032 258 1079 277 mo
1101 258 1120 278 ο
1141 252 1235 279 Italiae

652 289 731 309 oram
743 299 751 313 ,
771 283 820 310 sed
839 283 985 316 explorare
996 284 1031 310 de
1041 283 1233 311 Macedonico

650 314 736 342 bello.
761 315 784 340 fi
801 316 990 347 congruentia
1011 315 1103 342 literis
1121 315 1149 341 le
1167 320 1233 342 ato-

724 395 732 407 ,
830 397 836 403 .

650 411 689 436 ris
709 412 859 437 certiorem
870 410 972 437 faceret
985 418 992 435 :
1014 409 1094 445 isque
1102 411 1139 437 L.
1149 412 1236 442 Apu-

653 442 707 468 stio
725 443 821 475 legato
830 442 968 477 exercitui
981 442 1132 474 ρηεροίιῑο
1142 458 1151 471 ,
1171 443 1233 469 Ta-

652 480 766 501 rentum
786 475 823 500 ad
842 473 951 500 classem
970 473 1113 506 profectus
1134 475 1231 506 primo

651 513 767 539 quoque
797 512 926 538 tempore
959 506 991 532 in
1029 506 1231 534 Macedoniam

653 539 861 564 transmitteret
873 545 880 563 :
899 539 1036 570 daretque
1046 543 1159 571 operam
1169 554 1177 567 ,
1194 542 1231 566 ut

653 570 817 603 Philippum
841 569 872 594 in
883 575 971 602 regno
980 571 1156 596 contineret.
1174 570 1232 596 Pe-

651 603 738 628 cunia
747 602 784 628 ad
796 601 906 628 claflem
917 602 1053 628 tuendam
1065 602 1230 634 bellumque

658 634 875 660 Macedonicum
893 639 924 659 ea
944 634 1055 660 decreta
1071 634 1111 659 est
1130 649 1140 663 ‚
1165 640 1231 666 quae

652 667 706 697 Ap.
731 665 856 691 claudio
874 665 906 691 in
926 665 1052 692 siciliam
1069 665 1148 692 missa
1157 669 1230 695 erat,

651 702 683 724 ut
702 697 871 723 redderetur
892 697 1016 723 Hieroni
1038 697 1118 730 regi:
1138 702 1231 729 caper

652 729 688 754 L.
702 731 728 754 A
740 729 850 755 sustium
873 729 997 761 legatum
1018 731 1176 755 Tarentum
1188 729 1229 756 est

651 761 722 786 deve
735 761 773 786 ta.
793 760 875 786 fimul
895 762 928 786 ab
948 761 1075 787 Hierone
1086 760 1164 787 missa
1173 760 1230 798 du:

649 798 729 818 centa
740 793 833 818 millia
843 793 972 819 modium
984 792 1117 822 tritici&
1127 792 1232 820 bordei

646 830 774 851 centum.

682 857 750 889 Cap.
767 857 792 880 X
803 857 828 881 X
840 859 863 882 X
873 857 888 883 1
898 858 935 882 X.
957 858 1034 883 Dum
1050 855 1231 883 haec=R0mao

650 888 681 914 ni
695 893 809 919 parant.
822 895 966 921 aguntque
980 896 988 921 ς
1005 888 1042 915 ad
1055 887 1228 921 Philippum

649 920 762 949 captiva
775 922 864 950 navis»,
872 928 928 947 una
936 927 972 946 ex
982 921 1092 951 iis‚quae
1103 921 1227 946 Romam
1269 921 1274 926 ’

650 951 731 978 misse
749 958 849 981 erant,
869 959 904 978 ex
915 951 1000 979 cursu
1008 951 1137 984 refugit:
1157 951 1227 979 inde

648 982 870 1017 scitumdegatos
879 992 941 1011 cum
951 983 1043 1010 literis
1053 988 1161 1014 captos.
1173 984 1231 1010 ita-

648 1021 704 1046 que
715 1015 830 1047 ignarus
840 1017 874 1042 de
883 1018 917 1043 iis
929 1023 990 1054 quae
1000 1022 1064 1042 curn
1077 1015 1225 1042 Annibale

648 1047 748 1079 legatis
759 1046 816 1074 suis
826 1048 1021 1074 conveniffent
1030 1064 1038 1075 ,
1071 1053 1172 1079 uaeque
1182 1047 1228 1073 le-

646 1079 706 1111 gati
716 1079 777 1109 ejus
785 1080 821 1106 acl
834 1081 861 1106 se
872 1079 989 1106 allaturi
1002 1079 1047 1105 fui
1070 1084 1121 1105 ent
1130 1094 1139 1108 ‚
1150 1079 1229 1111 lega-

646 1111 756 1136 tionem
774 1111 859 1138 aliam
878 1119 942 1139 curn
960 1111 1065 1139 eisdem
1083 1110 1229 1138 mandatis

646 1142 749 1169 mittit.
775 1144 876 1176 Legati
895 1144 932 1171 ad
951 1143 1122 1170 Annibalem
1140 1142 1228 1172 missi,

645 1175 807 1202 Heraclitus
827 1192 836 1204 ,
866 1176 913 1202 cui
932 1175 1050 1202 Scotino
1068 1180 1229 1207 cognomen

645 1211 705 1232 erat
717 1222 726 1234 ‚
747 1207 777 1234 St
790 1208 874 1234 crito
883 1208 1011 1234 Berraeus
1020 1223 1029 1236 ‚
1040 1206 1071 1234 8<
1082 1205 1230 1233 Sositheus

646 1238 775 1270 Magnes.
795 1240 834 1266 Hi
854 1239 988 1272 prospere
997 1239 1131 1266 tulerunt
1141 1244 1175 1264 ac
1182 1244 1231 1264 re-

645 1270 779 1296 tulerunt
796 1272 940 1298 mandata.
957 1270 1005 1298 sed
1018 1270 1097 1302 prius
1108 1269 1137 1296 se
1147 1269 1226 1299 aestas

646 1301 832 1335 circumegit,
851 1310 934 1335 quam
953 1308 1067 1330 movere
1084 1309 1116 1328 ac
1124 1301 1228 1330 moliri

644 1334 796 1366 quicquam
817 1341 867 1360 rex
887 1334 993 1366 posset:
1013 1338 1128 1371 tantum
1146 1333 1244 1372 nari&

644 1371 702 1390 una
714 1372 794 1398 capta
806 1373 870 1393 cum
882 1367 983 1400 legatis
993 1370 1131 1392 momenti
1142 1366 1225 1404 fecit.

643 1397 679 1422 ad
701 1398 870 1425 dilationem
890 1398 1066 1425 imminentis
1084 1399 1228 1424 Romanis

645 1428 721 1454 belli.
740 1431 779 1455 Et
799 1430 873 1457 circa
886 1432 1012 1463 Capuam
1023 1447 1031 1459 ‚
1050 1429 1224 1461 transgresso

643 1461 825 1488 Vulturnum
835 1463 926 1489 Fabio
939 1479 947 1491 ,
965 1462 1025 1496 post
1036 1462 1152 1493 expiata
1161 1466 1226 1488 tan·

643 1492 708 1518 dem
721 1494 862 1525 prodigia,
874 1494 958 1520 ambo
967 1493 1099 1520 consules
1107 1499 1168 1519 rem
1177 1499 1227 1525 ee-

642 1525 754 1551 rebant.
782 1526 1005 1553 combulteriam
1024 1541 1033 1555 ‚
1056 1525 1087 1553 δε
1111 1526 1226 1553 Trebu-

642 1556 698 1582 lam
710 1573 717 1585 ‚
735 1557 763 1584 Sc
774 1559 933 1587 Saticulam,
944 1558 1103 1590 urbes,quae
1111 1557 1148 1584 ad
1158 1557 1225 1583 Ρω-

645 1594 714 1622 num
722 1589 893 1619 defecerant,
903 1590 1008 1616 Fabius
1017 1589 1046 1616 vi
1054 1589 1141 1621 oepit3
1154 1596 1227 1622 prae·

644 1620 770 1653 lidiaque
790 1622 820 1647 in
834 1622 868 1648 iis
880 1622 1049 1650 Annibalis,
1070 1622 1224 1657 campani-

642 1657 697 1683 que
720 1654 854 1684 permulti
872 1654 959 1684 capri.
977 1654 1007 1681 ὃς
1026 1653 1111 1680 Notae
1122 1669 1131 1682 ‚
1147 1654 1222 1681 licut

643 1684 738 1714 priore
755 1691 853 1714 anno,
872 1685 984 1712 senatus
1008 1686 1222 1714 Romanorum,

642 1715 720 1747 plebs
730 1717 882 1744 Annibalis
890 1723 949 1744 erat
963 1725 970 1743 :
988 1717 1165 1749 consiliaque
1176 1723 1226 1744 oc-

641 1748 720 1774 culta
739 1749 774 1774 de
783 1750 858 1776 caede
871 1749 1030 1783 principum
1041 1749 1071 1776 &
1081 1749 1226 1786 proditio-

640 1785 677 1805 ne
698 1780 777 1806 urbis
796 1781 956 1808 inibantur.
974 1781 1088 1813 Quibus
1099 1787 1135 1806 ne
1145 1785 1226 1807 ince-

639 1816 686 1843 pta
697 1813 893 1843 procederent,
906 1814 982 1839 inter
990 1815 1115 1843 Capuam
1125 1812 1227 1839 castras

640 1849 696 1874 que
707 1844 860 1871 Annibalis
868 1862 877 1874 ,
897 1852 958 1878 quae
971 1845 1003 1871 in
1013 1844 1121 1871 Tifatis
1129 1848 1224 1874 erant.

641 1875 774 1902 traducto
793 1877 918 1903 exercitu
931 1893 939 1904 ,
958 1876 1064 1902 Fabius
1072 1875 1154 1908 super
1164 1876 1225 1902 Ve-

643 1905 756 1932 suvium
778 1908 809 1934 in
832 1909 936 1935 Castris
947 1907 1117 1935 Claudianis
1125 1905 1224 1934 conse-

640 1938 695 1967 dit,
706 1939 774 1966 inde
785 1941 825 1965 M.
831 1941 1000 1967 Marcellum
1029 1938 1221 1969 roconsulem,

640 1977 705 1996 cum
715 1971 750 1997 iis
760 1971 850 2004 copiis
861 1979 929 2007 quas
938 1973 1008 1999 habe
1029 1971 1176 2000 at,Nolam
1187 1971 1221 1998 in

641 2002 800 2034 praesidium
814 2004 901 2030 milit.

675 2035 715 2059 Ca
739 2052 744 2058 .
763 2036 787 2059 x
799 2036 836 2062 L.
865 2037 903 2062 Et
923 2036 954 2062 in
973 2035 1104 2063 sardinia
1116 2040 1161 2060 res
1170 2040 1221 2067 per

645 2065 681 2090 T.
694 2041 838 2092 nfanlium
856 2073 1004 2099 praetorem
1025 2065 1222 2094 administrari

642 2102 750 2130 coeptae,
762 2105 825 2136 quae
834 2099 890 2124 omi
895 2099 937 2125 ffse
946 2098 1221 2131 erant.posteaquam

645 2129 680 2160 Q.
702 2130 817 2156 Mucius
857 2136 942 2157 raetor
957 2131 1038 2163 gravi
1059 2131 1159 2156 morbo
1178 2129 1221 2156 est

644 2160 812 2191 implicitus.
836 2138 968 2188 {rannus
986 2162 1106 2188 navibus
1124 2161 1223 2193 longis

643 2192 678 2217 ad
700 2193 814 2220 Carales
833 2192 976 2220 subductis
987 2211 994 2222 ‚
1015 2193 1219 2225 navalibusque

639 2223 725 2252 sociis
743 2226 858 2251 armatis
870 2241 878 2253 ,
898 2231 931 2251 ut
943 2230 1019 2251 terra
1030 2231 1088 2250 rem
1098 2229 1222 2257 gereret,

644 2254 672 2281 &
682 2252 698 2280 a
708 2262 829 2287 praetore
838 2257 966 2283 exercitu
975 2261 1092 2288 accepto
1102 2274 1109 2286 ,
1120 2257 1179 2283 duo
1187 2255 1221 2284 8:

643 2287 747 2317 viginti
765 2289 858 2314 millia
875 2289 1001 2321 peditum
1012 2305 1021 2318 ‚
1040 2288 1223 2315 millc&du·

642 2323 742 2344 centos
760 2321 868 2350 equites
888 2319 1025 2346 confecit.
1044 2321 1117 2346 cum
1136 2319 1181 2346 his
1191 2325 1223 2345 e-

642 2351 756 2380 quiturn
776 2352 960 2384 peditumque
977 2352 1069 2384 copiis
1076 2350 1222 2385 profectus

644 2381 675 2407 in
693 2388 794 2415 agrum
813 2383 955 2415 hostium,
977 2383 1055 2412 haud
1072 2383 1221 2444 proffib
