1414 2655
22 182 34 219 f*

456 95 670 134 Linea
712 96 841 130 XXV.

1182 108 1254 143 359

49 141 147 169 movit
165 149 174 168 ε
200 140 230 169 St
245 141 280 168 ab
296 140 377 168 hoste
395 146 522 173 quatuor
541 141 629 169 ferme
677 147 757 171 mus,
768 141 877 168 nuncio
887 140 973 169 celeri
983 147 1034 175 per
1044 141 1177 169 ordinem
1188 143 1255 168 mis-

53 174 180 200 millium
200 174 356 200 intervallo
373 172 504 200 consedit
522 178 531 205 ;
557 174 630 205 quid

52 210 171 237 agerent
203 210 371 238 pararentve
407 204 631 236 exspectaturus.

51 237 108 263 sed
127 237 241 263 nullum
251 243 344 268 neque
355 237 449 263 locum
461 243 553 274 neque
562 242 632 263 tem-

50 275 106 301 pus
123 268 304 303 cunctationi
312 268 466 295 consiliove
475 269 555 295 dedit
566 270 634 295 Mu-

51 300 130 326 tines
147 316 156 329 .
184 300 366 333 transgreffiis
385 306 495 327 amnem
506 316 515 329 ,
531 306 564 326 ac
582 301 633 326 sta-

53 331 185 359 tionibus
202 332 324 359 hostium
344 338 408 358 cum
418 332 532 363 ingenti
542 337 634 357 terro-

51 368 84 389 re
100 369 132 389 ac
151 363 279 391 tumultu
297 364 434 390 invectus.
451 363 568 389 Postero
586 363 634 390 die

27 420 30 422 .
51 400 144 432 prope
159 395 236 427 justo
255 396 359 427 proelio
375 395 514 427 compulit
526 394 633 421 hostem

52 431 132 452 intra
152 428 342 453 munimenta.
369 427 439 453 inde
457 431 605 453 revocatus
625 442 634 457 ‚

52 457 196 484 seditione
216 458 405 485 Numidarum
422 458 454 484 in
474 458 571 484 castris
589 458 631 484 fa-

53 488 98 515 sta
107 505 116 518 ‚
135 495 225 522 quum
236 491 357 517 trecenti
369 489 566 526 fizrme'eorum
575 492 633 516 He-

49 521 172 547 racleam
199 523 330 548 Minoam
351 522 542 548 conceflxslent
561 538 569 551 ‚
595 522 632 548 ad

51 553 229 583 mitigandos
256 553 483 585 revocandosque
503 560 550 580 eos
568 560 634 585 pro-

49 583 145 610 fectus
165 601 174 614 ,
201 592 370 617 magnopere
390 585 526 612 monuisse
547 585 632 611 duces

53 615 162 643 dicitur
173 632 181 644 ‚
195 623 234 651 ne
249 616 363 643 absente
374 616 401 643 se
410 623 474 643 cum
485 616 565 642 hosse
575 623 631 642 ma-

51 653 106 673 nus
128 649 320 675 contererent.
339 649 373 674 ld
393 650 475 674 ambo
484 655 555 680 :egre
565 649 631 680 passi

51 678 156 708 duces,
175 680 262 712 magis
281 681 402 709 Hanno,
420 680 477 710 jam
495 685 563 714 ante
578 687 628 706 an-

51 710 118 736 xius
136 711 230 743 gloria
249 712 329 742 ejus:
347 712 491 738 Mutinern
501 712 554 737 {ibi
564 719 626 737 mo·

51 740 122 768 dum
141 742 249 771 facere,
266 744 432 778 degenerem
453 743 558 769 Afrum
578 745 630 778 im-

51 775 181 804 peratori
202 775 431 807 Carthaginienss
450 774 529 800 mino
541 775 577 799 ab
587 776 628 800 le-

51 810 124 831 natu
151 806 324 838 populoque.
356 808 382 832 Is
409 807 534 837 perpulit
559 813 630 832 cun-

51 835 174 862 ctantem
186 838 343 869 Epicyden,
355 843 388 864 ut
399 837 560 870 transgrefli
573 839 628 864 flu-

52 874 118 896 men
138 868 168 894 in
185 870 275 895 aciem
287 870 410 895 exirent.
429 876 492 895 nam
503 873 524 894 11
535 870 628 895 Muti-

51 905 117 925 ncm
127 901 339 935 opperirentur,
352 902 380 927 8<
394 900 514 927 secunda
527 908 626 933 puanae

48 930 169 958 fortuna
180 932 311 959 evcniflet
322 949 329 961 ‚
347 933 424 959 haud
434 933 520 959 dubie
532 933 627 960 Muti—

48 963 97 990 nis
106 963 226 995 gloriam
238 963 309 990 fore,

86 995 158 1027 Cap.
177 996 202 1019 x
213 996 272 1022 Ll.
302 995 455 1022 Enimvero
472 996 625 1022 indiwnum

49 1030 130 1053 ratus
149 1027 304 1054 Marcellus
323 1028 370 1056 se,
389 1028 440 1059 qui
453 1018 623 1062 Anniss’alem

50 1056 206 1085 subnixum
227 1059 347 1085 victoria
365 1060 507 1085 Cannensi
516 1060 551 1085 ab
563 1060 625 1086 No-

48 1088 80 1117 h
97 1089 258 1121 repulisset,
276 1091 320 1117 his
339 1096 416 1117 terra
436 1092 563 1122 marique
583 1092 624 1117 vi-

48 1120 104 1146 etis
120 1122 156 1147 ab
164 1120 191 1147 se
201 1122 326 1149 hostibus
336 1123 434 1149 cedere
446 1129 454 1154 ;
470 1129 548 1158 arma
559 1130 624 1155 pro-

68 1158 115 1179 ete
124 1159 155 1179 ca
191 1160 221 1179 re
228 1153 375 1183 milites&
384 1154 479 1181 efferri
489 1156 566 1186 ligna
578 1154 624 1190 iu-

69 1185 160 1210 etJni
176 1185 271 1211 ruenti
282 1185 439 1212 exercitum
449 1186 543 1212 decem
552 1185 622 1212 eflu-

49 1213 87 1241 sts
103 1217 183 1248 equis
209 1217 347 1244 advolant
366 1224 401 1243 ex
419 1217 543 1243 hostium
562 1219 623 1244 acie

49 1246 195 1277 Numidae,
210 1250 387 1278 nunciantes,
399 1250 548 1283 populares
559 1248 625 1276 suos

47 1280 175 1311 primum
198 1285 231 1305 ea
253 1279 395 1307 seditione
422 1287 540 1307 motos:
569 1288 625 1313 qua

47 1311 172 1337 trecenti
191 1317 227 1337 ex
247 1318 367 1338 numero
376 1310 429 1338 suo
440 1313 625 1339 conceflerint

48 1342 226 1369 Heracleam.
257 1344 325 1370 dein
352 1345 432 1375 quod
458 1345 622 1376 praefestum

45 1370 131 1399 suum
150 1375 186 1400 ab
196 1374 422 1402 obtrectantibus
431 1376 553 1403 ducibus
562 1376 624 1408 glo-

47 1405 98 1431 riae
117 1405 179 1436 ejus
197 1404 249 1431 sub
270 1406 355 1439 ipsam
375 1408 539 1434 certaminis
548 1409 624 1434 diem

45 1437 205 1470 ablegatum
217 1438 331 1465 videant
344 1455 352 1468 ,
369 1440 518 1471 quieturos
529 1440 559 1465 in
570 1446 622 1471 pu-

43 1474 115 1506 gna..
133 1470 211 1495 Gens
222 1469 311 1497 Fallax
321 1471 447 1502 promissi
457 1471 541 1497 fidem
554 1478 626 1505 prae·

44 1500 135 1529 ssiat.
148 1500 249 1536 vitaque
266 1502 296 1532 ὃς
315 1503 455 1531 Romanis
464 1502 626 1531 crevitani·

673 171 724 203 so,
742 174 910 200 destitutum
929 174 964 200 ab
982 175 1080 206 equite
1097 175 1202 201 hostem
1212 174 1255 200 es-

675 203 719 234 se,
758 212 822 231 uem
832 207 954 233 maxime
965 207 1136 233 timuerant.-
1153 206 1184 233 3<
1196 212 1254 233 ter·

675 237 726 263 riti
768 237 857 267 ostes,
875 244 1061 270 praeterquam
1071 238 1150 273 quod
1163 240 1256 264 maxi·

676 274 721 295 ma
740 273 820 302 parte
838 270 943 296 virium
961 270 1073 296 suarum
1092 276 1152 295 non
1170 270 1254 301 juva-

677 299 781 326 bantur
791 316 800 329 ,
817 301 922 327 timore
930 302 1016 328 etiam
1029 301 1137 328 incuss'o
1146 318 1155 330 ‚
1172 308 1208 328 ne
1217 302 1254 328 ab

675 329 728 357 suo
751 332 780 359 &
806 332 858 362 ipfi
883 334 980 365 equite
1003 338 1256 366 oppugnarentur.

676 364 780 394 ltaque
799 364 874 390 haud
895 365 990 397 magni
1010 365 1174 391 certaminis
1183 364 1256 392 fuit.

676 395 784 427 primus
809 396 916 423 clamor
940 402 1027 429 atque
1043 396 1166 430 impetus
1190 404 1252 424 rem

677 426 814 453 decrevit.
833 428 966 455 Numidae
983 435 1074 461 quum
1092 429 1123 454 in
1134 434 1256 456 concur-

677 457 710 484 su
730 459 823 490 quieti
841 460 978 487 ssetiflent
997 462 1028 486 in
1048 460 1181 486 cornibus
1193 476 1202 489 ‚
1216 465 1253 488 ut

676 495 755 521 terga
765 490 866 517 dantes
878 490 941 518 suos
951 493 1092 519 viderunt,
1104 492 1179 524 fugae
1190 497 1254 518 tan-

679 527 740 548 tum
761 528 910 556 parumper
936 525 1054 550 comites
1072 523 1160 552 faeti,
1176 525 1253 557 post-

677 559 761 590 quam
789 560 888 580 omnes
915 557 1107 588 Agrigentum
1136 556 1254 590 trepido

673 590 787 619 agmine
806 591 933 617 petentes
943 588 1095 616 viderunt,
1113 587 1164 618 ipn
1175 592 1255 615 metu

677 617 835 643 chudionis
854 619 950 651 paflim
969 620 1000 645 in
1019 618 1147 645 civitates
1157 620 1256 650 proxi-

676 654 734 673 mas
751 648 860 681 dilapfi.
876 652 973 678 Multa
992 651 1082 676 millia
1099 651 1252 677 hominum

677 678 744 706 caesa
770 687 907 713 captaque
928 699 936 711 ‚
962 683 991 710 ὃς
1011 682 1078 708 octo
1093 682 1250 714 elephanti.

678 712 747 737 Haec
765 712 865 738 ultima
887 715 917 739 in
940 714 1036 740 Sicilia
1054 713 1185 748 Marcel-li
1201 721 1254 745 pu-

676 749 730 772 gna
751 743 819 770 fuit.
849 745 937 770 vistor
955 746 1025 771 inde
1042 746 1188 777 syraculas
1207 752 1254 771 re-

676 775 743 801 diit.
758 776 824 810 Jam
845 777 931 802 ferme
943 778 972 803 in
985 778 1065 803 exitu
1076 782 1168 802 annus
1177 781 1249 803 crat.

676 806 773 837 itaque
793 807 906 834 le'natus
928 810 1026 834 Rornae
1045 808 1170 834 decrevit
1183 823 1190 836 ‚
1214 813 1250 834 ut

675 838 705 861 P.
719 840 870 874 Corn-elius
891 841 997 865 Prator
1016 840 1114 866 literas
1125 842 1252 870 capuam

673 869 709 894 ad
729 871 856 896 contules
875 872 1022 902 mitteret;
1041 872 1109 898 dum
1122 871 1253 907 Annibal

674 902 773 932 procul
796 902 916 931 abdier,
934 910 986 929 nec
1004 904 1064 929 ulla
1084 903 1179 934 magni
1191 903 1250 928 dii-

673 932 803 959 criminis
824 941 866 960 res
885 935 920 960 ad
940 938 1062 966 Capuam
1081 939 1228 967 gereretur
1242 942 1251 960 :

671 964 745 989 alter
756 971 872 995 eorum,
888 966 909 992 s1
919 967 959 993 ita
971 967 1116 993 videretur
1127 983 1135 995 ‚
1147 966 1182 992 ad
1193 973 1251 992 ma-

672 996 806 1027 giss-ratus
824 997 1018 1031 subrogandos
1037 1000 1157 1024 Romam
1172 998 1251 1033 veni-

674 1033 728 1054 ret.
745 1028 853 1054 Literis
862 1030 982 1062 acceptis
993 1046 1001 1058 ‚
1020 1031 1097 1056 inter
1106 1029 1134 1054 se
1146 1031 1250 1056 conm-

671 1059 712 1085 les
731 1066 933 1092 compararunt
943 1077 951 1087 ,
969 1066 1002 1087 ut
1013 1062 1150 1088 claudius
1160 1062 1253 1088 comi-

671 1092 711 1116 tia
730 1091 878 1122 perficeret
897 1109 905 1119 .
932 1093 1052 1119 Fulvius
1069 1094 1105 1119 ad
1125 1094 1252 1124 Capuam

673 1129 810 1150 maneret.
845 1124 984 1151 Consules
1009 1125 1148 1151 Claudius
1174 1131 1251 1151 crea-

671 1154 715 1180 vit
726 1171 735 1182 .
755 1157 812 1181 Cn.
823 1156 959 1182 Fulvium
979 1156 1181 1183 Centumalum
1192 1172 1200 1185 ‚
1217 1156 1249 1184 Sc

671 1186 703 1210 P.
715 1186 870 1218 Sulpicium
888 1188 976 1214 Servii
994 1188 1090 1214 filiurn
1108 1188 1228 1215 Galbam
1240 1202 1253 1217 ς

671 1219 720 1248 qui
742 1219 856 1245 nullum
875 1225 959 1246 antea
971 1221 1097 1247 curulem
1107 1220 1253 1251 magistra-

670 1254 732 1275 tum
742 1250 869 1283 geffifl‘et.
886 1252 1027 1278 I‘raetores
1037 1252 1143 1279 deinde
1152 1251 1253 1279 creati»

672 1281 708 1306 L.
721 1283 874 1309 cornelius
892 1284 1053 1312 Lentulus,
1071 1284 1114 1308 M.
1139 1282 1250 1308 Corne·

670 1312 726 1339 lius
738 1314 881 1345 cethegus
891 1331 899 1345 ‚
916 1317 950 1340 C.
962 1315 1102 1348 Sulpicius
1111 1330 1119 1342 ‚
1137 1315 1172 1339 C·
1184 1314 1251 1340 Cal-

672 1345 793 1375 purnius
811 1345 886 1372 Piso.
906 1346 1004 1373 Pisoni
1021 1346 1186 1378 jurisdiffio
1198 1352 1249 1372 ur-

672 1376 744 1401 bana
754 1393 762 1405 ,
776 1378 902 1407 sulpicio
912 1379 1017 1407 sicilia,
1028 1378 1156 1410 Cethego
1166 1379 1249 1408 Apu·

670 1407 719 1435 lia,
731 1409 860 1436 Lentulo
870 1410 1000 1437 Sardinia
1012 1410 1118 1436 evenit.
1136 1408 1248 1435 consu-

670 1439 747 1477 libus
772 1447 959 1501 ptrorogatum
983 1443 1016 1469 in
1034 1447 1143 1470 annum
1162 1441 1252 1474 impe·

671 1477 774 1500 nume
799 1490 809 1500 .

1109 2081 1256 2123 1391-
