1414 2655
69 160 164 188 Ῥείης
175 174 184 188 ,
205 158 244 184 Τ.
255 155 383 190 Manlius
393 155 562 186 'torquatus
570 152 639 179 novi

53 191 199 220 ,consules
208 196 255 217 acc
363 192 386 214 t·-
404 186 440 213 In
451 193 517 212 eum
531 189 639 216 annum

53 231 157 258 ⁴quum
178 224 216 256 Q
227 222 268 248 Fa
287 221 346 247 ium
363 217 509 246 consulem
517 223 577 244 non
591 222 641 254 pe-

66 261 176 284 tentem
207 259 306 280 omnes
334 251 464 278 dicerent
487 255 642 277 centium,

65 288 159 320 ipsum
167 282 398 313 auctoremfuiffe
406 282 505 308 Macer
511 281 643 317 Licinius

65 326 100 347 ac
117 319 236 344 'rubero
260 315 400 343 tradunt,
418 312 572 340 differendi
589 312 641 337 libi

66 349 231 379 consulatus
247 347 280 374 in
301 344 506 373 bellicosiorem
513 349 640 370 annum:

67 388 103 408 eo
125 387 204 408 anno
221 376 361 409 majorise
378 375 442 414 uijul
455 375 577 407 reipubl.
598 374 643 400 fo-

68 419 120 441 re,
137 413 248 439 urbano
255 410 331 443 gesto
346 408 518 441 magistratu.
541 407 581 433 ita
591 412 643 432 nec

71 443 293 472 distimulantem
314 440 385 474 quid
395 440 493 466 mallet
504 455 513 466 ,
531 445 584 464 nec
595 444 644 470 pe-

72 482 180 503 tentem
199 480 292 502 tamen
304 491 313 503 ,
325 473 432 499 aedilem
444 471 571 498 curulem
579 476 642 496 cum

70 507 235 541 L.‘1‘apirio
244 506 366 533 curibre
375 503 488 530 fastum.
500 503 534 528 Id
545 509 581 527 ne
593 508 645 532 pro

71 545 153 567 certo
170 544 323 572 ponerem,
342 535 477 562 vetustior
497 532 644 560 annalium

73 571 172 598 auster
180 569 246 597 l‘ii'o
253 567 346 596 effecit
358 576 365 592 r
384 567 434 599 qui
446 571 567 592 eoarino
578 565 644 592 aedi-

57 603 113 631 -les
133 603 240 630 curules
266 599 346 627 fuine
371 599 462 625 tradit
488 599 523 623 c.
546 596 647 622 Domi-

72 635 146 662 tium
156 649 166 664 ‚
183 635 239 659 Cn.
251 633 285 659 F.
296 631 459 658 Calvinum.
470 629 499 656 8<
519 631 566 657 sn.
576 629 647 654 Car-

56 666 183 694 1vilium,
208 666 246 697 Q.
262 664 300 690 F.
317 663 487 689 Maximum.
509 661 543 686 Id
562 662 647 686 credo

69 689 648 760 ῗέἕῗᾞῗὲωὲῗὲᾛὶἑΞάᾞῖἷίἓὲἶξί

54 748 56 750 -
111 737 117 754 :
149 737 163 755 e
344 744 348 749 .

75 760 204 787 aedilitiis
223 759 253 786 St
277 755 477 785 consularibus
504 754 648 782 comitiis,

72 791 290 818 convenientem
309 789 417 815 errori.
436 789 475 814 Et
484 787 604 813 lustrum
613 792 648 811 eo

73 829 152 850 anno
167 822 315 849 conditum
331 820 348 845 ὲ
367 820 400 845 Ρ.
411 819 580 851 sempronio
599 818 648 843 so-

75 856 145 888 pho,
155 854 184 882 St
194 854 227 880 Ρ.
238 852 364 883 sulpicio
373 852 542 877 Saverrione
552 849 648 876 censo-

73 885 170 912 ribus:
188 884 338 916 tribusque
361 883 465 910 additae
489 883 553 908 duae
573 896 582 910 ‚
608 883 649 907 Α-

56 937 61 939 -
75 917 180 945 niensis
191 923 222 943 ac
233 916 404 942 Terentina.

108 951 178 981 Cap.
198 949 234 974 X.
252 949 319 974 Haec
337 949 438 973 Roniae
456 945 540 976 gesta.
560 945 650 970 Caete-

59 988 138 1009 .mm
156 980 191 1006 ad
210 980 376 1012 Nequinum
394 978 534 1009 oppidum
560 983 648 1008 quum

62 1013 152 1046 'stgni
162 1011 309 1038 obsidione
319 1008 650 1041 tempustereretur‚duo

57 1051 112 1072 -ex
131 1044 301 1075 oppidanis,
319 1047 443 1075 quorum
461 1045 543 1066 erant
562 1039 651 1066 aedifi-

75 1075 226 1107 ciajunsta
247 1080 331 1101 muro
346 1090 354 1103 ‚
375 1072 459 1105 specu
469 1072 545 1097 fasto
553 1071 589 1098 ad
599 1071 651 1097 sta-

75 1109 170 1136 tiones
189 1107 330 1132 Romanas
350 1105 455 1131 itinere
464 1104 577 1129 occulto
588 1110 651 1134 per-

76 1139 216 1166 veniunt:
237 1138 306 1164 inde
325 1137 361 1163 ad
371 1135 516 1163 consulem
525 1134 650 1161 deducti.

75 1171 238 1230 ἔζεείίἀίυπι
254 1173 395 1195 armatum
413 1167 529 1194 seintra
546 1166 653 1191 moenia

117 1208 213 1229 muros
221 1206 386 1232 accepturos
395 1198 579 1225 confirmant.
591 1197 652 1223 Nec

59 1233 250 1266 -aspernanda
270 1239 314 1258 res
342 1229 401 1257 visa
427 1236 520 1261 neque
539 1229 654 1255 incaute

75 1266 225 1293 credenda.
250 1271 315 1291 cum
340 1263 432 1289 altero
452 1268 553 1287 eorum
575 1262 653 1290 (nam

63 1298 151 1324 -alter
166 1295 245 1324 obses
273 1295 422 1324 retentus)
444 1293 504 1319 duo
520 1292 651 1322 explora-

78 1334 155 1356 tores
171 1335 221 1362 per
236 1327 401 1354 cuniculum
408 1325 501 1350 miili:
522 1330 572 1355 per
581 1330 654 1355 quos

64 1359 148 1388 'fitis
164 1364 306 1393 comperta
333 1365 382 1387 re,
409 1357 531 1383 trecenti
551 1357 653 1381 armari

64 1391 225 1423 ›transfiiga
251 1392 323 1417 duce
349 1391 379 1416 in
401 1389 501 1415 urbem
527 1387 651 1420 ingl-ciii,

60 1447 63 1450 .
79 1425 164 1452 noste
172 1429 294 1457 portam,
305 1429 368 1454 qure
379 1421 506 1453 proxima
516 1425 581 1445 erat
590 1435 598 1445 ‚
608 1426 651 1457 ce·

78 1451 655 1520 lilia,eiflisssissffiiss‘z‘ssillmiiz23:

79 1520 142 1546 bem
163 1517 299 1545 invasere.
312 1519 358 1543 Ita
377 1516 547 1553 Nequinum
568 1513 599 1539 in
610 1512 657 1539 di-

231 1549 310 1580 opuli
321 1550 446 1575 Romam
456 1547 546 1581 venit.
565 1545 656 1571 Colo-

82 1583 132 1609 nia
142 1589 176 1608 eo
223 1580 320 1607 versus
331 1580 454 1606 Umbros
465 1577 543 1604 missa
554 1593 562 1605 ,
571 1575 587 1602 a
599 1577 656 1602 flu-

81 1614 159 1640 mine
184 1613 295 1639 Narnia
319 1612 458 1644 aopellata
479 1626 487 1637 ,
514 1609 658 1636 exercitus

82 1652 147 1673 eum
158 1651 258 1678 magna
275 1644 368 1675 praeda
383 1645 504 1669 Romam
513 1641 655 1667 reduetus.

86 1677 198 1704 Eodem
216 1682 295 1702 anno
312 1676 347 1701 ab
370 1673 497 1700 Etruscis
523 1671 655 1698 adversus

86 1709 216 1736 inducias
236 1712 364 1739 paratum
391 1706 506 1732 bellum.
534 1703 580 1730 sed
608 1711 657 1730 eos

80 1741 138 1768 alia
147 1740 296 1766 molientes
304 1737 455 1765 Gallorum
468 1737 567 1765 ingens
575 1741 656 1761 exer-

80 1773 158 1800 eitus
166 1771 238 1799 fines
247 1769 382 1802 ingreffiis
392 1786 399 1799 ‚
410 1768 553 1801 paulisper
562 1766 577 1793 ὲ
588 1774 654 1800 pro-

81 1804 178 1837 polito
187 1803 300 1830 averrit.
320 1800 441 1828 Pecunia
458 1800 582 1828 deinde,
599 1806 657 1831 qua

81 1835 205 1861 multum
250 1837 379 1861 merant,
401 1832 490 1860 freti,
518 1830 610 1857 socios
621 1837 656 1856 ex

80 1867 211 1893 hostibus
243 1871 320 1891 acere
330 1863 430 1891 Gallos
439 1866 582 1890 conantur
593 1878 602 1890 ‚
621 1867 655 1888 ut

80 1904 116 1924 eo
134 1898 272 1929 adjuncto
289 1896 417 1922 exercitu
435 1901 498 1921 cum
518 1894 657 1920 Romanis

82 1930 232 1956 bellarent.
243 1930 286 1954 De
295 1927 427 1953 societate
437 1926 514 1952 haud
524 1926 657 1951 abnuunt

81 1961 216 1987 barbari.-
237 1961 273 1986 de
282 1959 408 1985 mercede
416 1958 522 1990 agitur.
542 1962 599 1989 qua
611 1963 657 1989 pa-

81 1992 125 2019 aa
135 1997 304 2024 acceptaque
314 2007 323 2020 ‚
350 1997 438 2023 quum
454 1993 548 2021 pai-ara
557 1993 657 2014 caetera

81 2024 118 2062 ad
128 2024 235 2051 bellum
243 2022 329 2049 essimt
341 2037 350 2051 ‚
370 2021 507 2054 sequique
519 2019 656 2046 Etruscus

96 2056 195 2082 uberet
205 2072 214 2084 ‚
231 2054 344 2081 inficias
361 2057 432 2079 eunt
443 2069 451 2079 ‚
463 2052 617 2078 mercedem
630 2050 657 2077 se

117 2088 151 2114 lli
161 2086 298 2114 Romanis
307 2084 451 2111 inferendi
461 2083 566 2114 pastos.
576 2083 658 2114 quic-

83 2119 155 2149 «inid
173 2118 333 2150 acceperint
343 2132 352 2144 ‚
372 2115 502 2147 accepisse
512 2121 548 2140 ne
558 2120 656 2145 agrum

83 2151 237 2177 Etruscum
249 2149 388 2175 vastarent
400 2164 408 2175 ‚
425 2145 566 2178 armisque
576 2145 659 2171 laces-

83 2181 182 2209 serent
198 2181 333 2208 cultores.
360 2179 542 2205 Militaturos
562 2182 657 2204 tamen

82 2214 130 2242 se,
151 2214 174 2239 ii
182 2213 284 2245 utique
294 2211 410 2237 Etrusci
421 2211 522 2238 velint,
538 2209 584 2236 sed
594 2210 660 2235 nul-

84 2246 114 2273 la
123 2245 178 2271 alia
196 2244 324 2271 mercede
335 2258 344 2271 ,
361 2249 446 2275 quam
462 2242 537 2268 utin
550 2246 658 2273 partem

85 2277 148 2309 agri
162 2275 352 2310 accipiantur.
374 2273 547 2304 tandemque
564 2272 660 2304 aliqua

86 2307 150 2334 stde
169 2312 245 2334 certa
264 2306 427 2334 consistant.
457 2305 553 2330 Multa
572 2304 608 2330 de
626 2310 660 2329 eo

85 2339 208 2366 eoncilia
227 2339 399 2372 populorum
418 2337 545 2363 Etruriae
553 2335 661 2362 habita.

87 2376 140 2401 uec
158 2370 258 2405 pei-fici
283 2369 438 2404 quicquam
455 2368 553 2402 potuit
565 2382 574 2398 2
597 2373 659 2395 non

83 1552 192 1578 tionem

652 115 675 139 e
697 115 744 139 R·
770 105 816 140 X.
1187 114 1253 149 ²23

683 156 757 180 tam,
777 149 845 182 qula
871 145 1008 176 imminui
1033 151 1154 179 agrum‘.
1173 154 1260 179 quam

682 183 752 215 quia
768 182 875 208 accolas
902 181 955 207 sibi
970 178 1091 212 quisque
1105 179 1263 216 adjungere

684 220 743 241 tam
761 211 883 239 efferatae
903 212 996 242 acutis
1010 211 1147 237 homines
1160 210 1263 236 boi-re-

683 246 741 273 bat.
760 246 802 272 lta
819 244 924 272 dimisti
943 242 1040 272 Galli,
1059 242 1206 275 pecuniam
1216 242 1262 268 in-

684 283 798 310 gentem
820 277 881 302 fine
897 276 997 303 labore
1016 280 1048 301 ac
1066 273 1194 305 periculo
1213 279 1261 305 pa-

686 316 776 336 ratam
799 308 973 334 retulerunt.
1001 307 1100 332 Romae
1122 310 1264 331 terrorem

686 341 809 371 praebuit
835 339 906 366 fama
932 338 1038 374 Gallici
1064 337 1208 364 tumultus
1227 337 1265 362 ad

687 373 795 399 bellum
816 368 1102 397 Etruscumadicsti:
1123 375 1159 395 eo
1168 368 1265 394 minus

686 404 852 462 cunstlamflr
869 402 967 430 foedus
982 401 1070 427 istum
1079 406 1143 427 cum
1153 399 1266 428 Picenti

707 443 724 462 ο
745 443 764 463 ιι
779 442 822 461 oe
849 452 857 458 .

686 444 704 469 p
719 444 790 500 gap.
807 468 832 491 X
843 467 869 492 1.
898 465 937 490 T.
952 464 1068 491 Manlio
1084 462 1196 492 consuli
1223 465 1267 490 E·

685 501 777 527 truria
801 497 948 530 provincia
979 496 1057 524 sorte
1079 497 1196 525 evenit,
1214 495 1268 528 qui

687 532 737 557 vix
765 531 836 557 dum
863 527 999 563 ingressus
1024 528 1149 554 hostium
1168 527 1243 554 fines
1253 543 1264 555 ‚

686 570 775 595 quum
792 567 973 588 exerceretur
991 560 1067 586 inter
1084 560 1215 592 equites,
1234 559 1269 585 ab

687 595 789 626 rapido
809 593 894 620 cursu
912 591 1132 623 circumagendo
1139 597 1214 629 equo
1224 591 1268 617 ef·

688 625 766 653 fusus
776 641 785 653 ‚
814 624 958 656 extemplo
1004 629 1073 655 rope
1095 623 1264 654 exspiravit.

687 658 793 684 tertius
802 657 836 682 ab
855 663 890 682 eo
900 655 966 682 casu
997 656 1036 681 ies
1046 654 1114 680 finis
1123 655 1188 681 vitae
1197 661 1268 681 con-

689 688 744 716 suli
763 688 832 715 fuit.
859 689 925 720 Quo
946 687 1025 712 velut
1035 687 1130 712 omine
1142 686 1267 712 belliac·

687 725 771 753 cepto
784 736 793 749 ‚
803 722 878 746 Deos
887 725 940 751 pro
950 719 977 746 se
988 717 1149 744 commisiffiz
1159 718 1267 744 bellum

691 757 886 779 memorantes
906 749 1040 777 Etrusci.
1059 749 1268 775 iustulereani-

691 791 763 810 mos.
785 785 884 810 Romae
894 787 955 808 tum
965 781 1106 808 desiderio
1117 780 1171 807 viri
1182 797 1190 809 ,
1203 785 1266 807 tum

690 815 926 842 incommoditate
947 814 1084 845 temporis
1093 812 1182 839 tristis
1191 819 1269 839 nun-

689 848 749 874 cius
767 847 843 873 fuit.-
864 850 899 872 ut
919 845 1016 872 Patres
1035 844 1068 870 ab
1084 844 1210 874 jubendo
1220 845 1268 871 di-

689 880 817 907 ctatore,
835 877 963 904 consulis
987 876 1161 908 subrogandi
1180 876 1270 902 comi-

691 912 733 938 tia
746 927 754 940 ‚
774 916 809 936 ex
828 909 973 936 sententia
990 908 1151 938 principum
1160 908 1269 937 habita,

690 942 894 969 deterruerint.
906 972 913 976 -
931 941 975 966 M.
997 940 1147 966 Valerium
1166 939 1269 966 consu·

691 976 747 1001 lem
770 980 869 1000 omnes
893 972 1042 999 sententiae
1074 971 1270 1002 centuriaeque

692 1007 789 1033 dixere
799 1021 807 1032 ,
819 1011 902 1037 quem
912 1004 1025 1030 senatus
1035 1003 1201 1029 dictatorem
1210 1003 1270 1030 dici

690 1037 814 1069 Juffiirus
835 1037 940 1062 fuerat.
960 1041 1022 1062 tum
1031 1035 1174 1064 extemplo
1185 1035 1215 1060 in
1231 1035 1271 1059 E-

692 1070 813 1096 truriam
831 1069 868 1095 ad
885 1068 1013 1099 legiones
1023 1065 1165 1102 proficisci
1176 1066 1270 1097 justit.

693 1103 841 1128 Adventus
862 1100 924 1129 ejus
942 1098 1104 1130 compreflit
1123 1098 1269 1128 Etruscos,

689 1134 761 1159 adeo
777 1138 811 1158 ut
822 1138 905 1157 nemo
915 1136 996 1157 exrra
1005 1131 1181 1156 munimenta
1191 1136 1274 1161 egre-

693 1165 724 1190 di
743 1164 861 1190 auderet
871 1180 879 1189 .
898 1162 1042 1194 timorque
1053 1161 1182 1193 ipsorum
1193 1162 1272 1187 obii-

693 1196 777 1222 dioni
793 1195 894 1222 similis
912 1193 990 1219 esset.
1009 1199 1101 1224 neque
1121 1193 1190 1219 illos
1215 1200 1271 1219 no-

693 1234 744 1254 vus
763 1225 866 1253 consul
884 1225 1024 1252 vastandis
1040 1225 1116 1256 agris
1139 1224 1273 1252 urendis-

693 1266 748 1288 que
757 1258 837 1285 testis
845 1275 852 1284 .
867 1264 956 1288 quum
967 1256 1061 1288 passim
1071 1263 1131 1282 non
1143 1257 1217 1283 villze
1226 1256 1274 1284 so-

695 1290 755 1316 lum
765 1307 773 1317 ,
794 1289 841 1315 sed
860 1289 1026 1321 frequentes
1036 1294 1151 1321 quoque
1161 1289 1215 1315 vici
1225 1289 1273 1314 in-

693 1322 801 1348 cendiis
822 1320 985 1348 fumarent,
1004 1321 1109 1347 elicere
1125 1321 1162 1347 ad
1181 1326 1275 1347 cerra-

696 1361 759 1379 men
776 1354 883 1385 potuit.
900 1354 996 1386 Qum
1013 1353 1068 1378 hoc
1085 1350 1196 1385 stgnius
1215 1352 1276 1378 bel-

696 1386 755 1411 lum
776 1386 916 1416 opinione
947 1384 1014 1410 esset
1027 1399 1035 1411 ‚
1051 1384 1170 1410 alterius
1190 1384 1273 1413 belli.

695 1417 773 1449 quod
792 1416 891 1442 multis
910 1416 1033 1442 invicem
1051 1416 1182 1442 cladibus
1192 1417 1272 1444 haud

696 1449 840 1475 immerito
850 1448 979 1474 terribile
986 1451 1047 1473 erat
1059 1463 1068 1475 ‚
1088 1447 1162 1473 fama
1174 1448 1275 1475 Picen-

696 1482 769 1507 tium
787 1486 929 1505 novorum
947 1478 1280 1506 sociorumindicioex--

696 1517 761 1538 orta
771 1511 828 1537 est:
849 1511 985 1537 Samnites
1002 1516 1078 1536 arma
1097 1510 1126 1537 ὅτ
1139 1511 1276 1538 rebellio-

697 1549 762 1579 nem
773 1542 894 1572 spectare
904 1559 912 1570 ‚
929 1542 1014 1573 leque
1023 1542 1058 1567 ab
1069 1542 1104 1567 ils
1113 1541 1276 1571 solicitatos

696 1575 758 1602 esic.
776 1575 943 1601 Picentibus
958 1574 1057 1604 gratiae
1067 1573 1133 1599 astae
1145 1589 1153 1603 ,
1175 1574 1205 1601 St
1216 1582 1276 1601 ma-

697 1614 752 1636 ana
762 1612 825 1638 pars
834 1613 907 1632 cui-:e
918 1606 1050 1631 Patribus
1061 1605 1096 1630 ab
1109 1606 1228 1633 Etruria
1238 1607 1271 1634 in

697 1639 837 1664 samnites
847 1637 921 1663 versa
932 1637 982 1663 est.
1001 1637 1112 1663 Caritas
1121 1638 1207 1664 etiam
1219 1645 1272 1665 an-

697 1677 782 1696 nonoe
799 1669 952 1696 solllcitam
980 1668 1126 1695 civitatem
1148 1669 1249 1697 habuit
1263 1678 1273 1698 z

696 1707 869 1733 ventumque
877 1702 912 1728 ad
924 1700 1030 1732 inopiae
1038 1700 1173 1727 ultimum
1184 1701 1275 1733 foret.

696 1739 730 1760 ut
747 1733 883 1760 scriosere
901 1732 1007 1765 quibus
1018 1732 1128 1759 aedilem
1144 1733 1272 1760 fuiffieo

696 1772 772 1803 anno
794 1765 914 1791 Fabium
935 1764 1095 1790 Maximum
1107 1765 1215 1795 placet,
1237 1766 1272 1792 ni

696 1804 758 1827 eius
774 1797 828 1822 viri
849 1802 918 1822 cura
929 1812 937 1824 ‚
955 1795 1049 1828 qualis
1065 1795 1097 1821 iri
1110 1796 1218 1824 bellicis
1227 1804 1273 1823 re-

698 1830 748 1855 bus
759 1828 858 1855 multis
879 1827 1090 1860 tempestatibus
1100 1826 1196 1854 suerat
1209 1847 1216 1854 .
1227 1835 1272 1856 ta·-

696 1862 731 1887 lis
740 1861 819 1888 domi
839 1865 900 1886 tum
911 1860 942 1885 in
953 1865 1075 1885 annonre
1084 1859 1274 1891 dispensatio-

697 1899 732 1918 ne
743 1908 751 1919 ,
771 1891 953 1923 praeparando
970 1897 1003 1917 ac
1012 1891 1198 1918 convehendo
1209 1892 1274 1918 fru-

697 1929 814 1951 mento,
833 1922 939 1949 fuisset.
958 1923 1003 1948 Eo
1022 1924 1172 1953 anno(nec
1182 1924 1275 1951 tradi-

697 1962 744 1982 tur
757 1954 845 1981 caum
857 1956 866 1986 )
877 1955 1074 1987 interregnum
1085 1955 1202 1981 initum.
1226 1956 1274 1981 in·

698 1993 826 2025 terreges
831 1985 913 2024 fuere
921 1985 1034 2020 Appius
1044 1987 1193 2013 Claudius,
1205 1987 1275 2013 dein

700 2020 730 2044 P.
748 2019 900 2051 Sulpicius.
935 2019 964 2043 Is
982 2017 1098 2044 comitia
1114 2017 1277 2046 consularia

698 2051 808 2077 habuit.
818 2050 923 2077 creavit
939 2050 977 2075 L.
989 2049 1156 2075 Cornelium
1166 2050 1276 2083 scipio-

699 2089 774 2110 nem,
786 2083 843 2118 Cn.
857 2081 992 2108 Fulvium
1003 2081 1144 2109 consules,
1159 2081 1272 2108 Princi-

700 2114 748 2145 pio
766 2114 852 2143 huius
873 2114 942 2138 anni
952 2117 1080 2139 oratores
1089 2113 1276 2140 Lucanorum

699 2146 734 2172 ad
750 2151 838 2171 novos
847 2143 976 2171 consules
982 2144 1276 2175 venerunnuuestum,

700 2177 772 2210 quia
783 2176 996 2202 conditionibus·
1005 2176 1130 2208 pellicere
1132 2175 1165 2207 fi·
1173 2177 1272 2209 nequi.

698 2208 795 2233 veri-at
815 2205 1026 2237 adsticietatem
1044 2213 1204 2237 armorum,
1223 2208 1278 2234 Sa-

702 2240 804 2274 mnites
815 2239 912 2272 infhsto
932 2238 1058 2264 exercitu
1067 2235 1280 2272 inmefflsfines

663 2278 666 2282 ⁴
695 2270 766 2303 suos
784 2271 914 2303 vastare,
935 2270 1004 2296 hello
1024 2276 1058 2295 ue
1075 2271 1113 2296 aa
1123 2270 1224 2296 bellum
1235 2276 1279 2296 co-

697 2309 772 2335 gere.
802 2302 922 2328 Lucano
937 2277 1280 2335 p0p1130fi1tissisperque

700 2338 825 2359 erratum
835 2333 977 2367 quongtam
988 2342 997 2359 .·
1015 2339 1093 2359 nunc
1104 2334 1146 2359 ita
1156 2334 1279 2368 obstina-

701 2370 744 2393 tos
753 2365 865 2393 animos
871 2362 934 2395 elle,
945 2368 980 2392 ut
989 2365 1084 2393 omnia
1084 2364 1163 2401 sem
1171 2372 1205 2393 ac
1213 2367 1280 2398 pati

878 2398 905 2424 K
922 2403 945 2430 4
1206 2398 1277 2425 tole-
