1414 2655
413 110 445 145 L
471 121 486 144 ι
509 120 532 145 n
557 121 585 145 ι
604 121 632 145 n

52 153 139 184 mniae
159 153 317 190 impudenti
346 160 396 182 mae
413 156 562 190 praetendit
579 162 636 189 quo

51 188 176 214 maxime
195 185 234 220 ὁ·
248 187 306 221 refe
331 188 341 214 i
358 193 397 220 ο·
413 189 634 222 coarguipotest.

55 217 237 254 Dilirtiffime
255 220 329 247 enim
367 220 431 246 tani
450 220 555 257 imewe
566 220 597 246 in
609 226 638 246 eo

46 250 190 285 scriptum
200 251 236 285 est
249 251 340 283 ,Cher
355 258 428 277 onne
443 258 490 276 um
505 258 543 284 Θ·
557 251 636 286 [offi-

7 304 9 306 .
55 284 198 310 mathiam
215 283 337 310 Eumeni
348 284 424 309 dari.
453 282 510 309 Ubi
518 286 635 310 tandem

56 314 187 344 cAEntu,
214 327 222 335 ·
233 323 237 329 ·
247 316 400 343 Maronea.
412 310 449 347 ὁ»
459 314 584 342 ‘Thracia
598 315 638 341 ci-

52 347 168 373 vitares
185 353 204 379 4
229 346 415 380 criptaesum!
423 347 499 380 quoa
516 349 554 372 ab
573 347 633 373 iuis

55 385 92 404 ne
100 379 239 411 postulare
247 379 360 412 quidem
369 385 382 403 ε
415 376 548 410 aufitsid
559 379 636 411 apud

55 416 126 439 vos.
139 414 198 436 ram
221 416 289 436 uam
298 410 356 436 abi
383 412 407 436 is
418 410 616 442 impetraverit
629 426 636 439 ‚

54 441 220 468 obtinebit!
241 441 304 474 Qo
313 443 345 467 in
364 448 479 467 numero
498 448 540 467 me
559 442 636 474 apud

56 479 113 498 vos
122 469 172 505 effe
180 473 292 501 metitis,
303 471 434 506 refertsi·
444 476 495 498 tan
517 479 584 499 uam
595 474 640 499 in-

55 503 174 530 imicum
194 502 232 537 ὠ»
252 504 350 538 hoslem
373 502 506 537 inficiari
524 505 640 537 propoli-

56 540 120 562 tum
129 536 181 569 est,·
189 536 337 568 pernitemt
347 535 575 570 coepistisfacere.
587 533 640 562 Sit:

57 568 170 600 aliquis
187 569 227 602 re(
243 566 322 593 ectus
339 568 376 599 qli
387 568 441 593 mei
452 585 460 597 ,
472 565 585 600 ursocii
593 572 638 593 at·
655 569 658 578 ¹

56 605 112 631 que
122 600 210 625 amici
218 607 260 637 reg
266 600 291 624 is
301 606 314 629 ;
325 601 460 630 deprecor,
473 606 507 625 ne
518 606 559 625 me
570 604 640 626 tan·

58 634 92 659 ta
102 631 216 664 injuria
225 633 342 664 dignum
354 630 498 663 indicetis.

90 663 162 695 Cap.
182 665 207 688 X
217 664 241 688 Χ
253 666 266 689 1
278 664 313 687 x.
342 663 437 689 Movit
455 663 638 695 aliquantum

58 695 158 721 oratio
176 695 250 727 regis
267 694 386 726 legatos.
423 694 521 725 itaque
541 695 637 720 medio

59 726 197 755 responso
218 732 275 751 rem
296 725 525 757 suspenderunt:
553 727 584 753 Si
594 728 641 751 de-

61 763 118 783 cem
139 756 294 790 legatorum
312 758 417 783 decreto
432 758 636 783 Eumeniaatae

60 789 197 814 civitates
216 795 251 814 eae
272 785 368 820 elfini,
386 789 465 814 nihil
480 788 506 821 fi:
517 795 638 815 incitare.

55 819 86 852 st
97 820 261 856 'Philippus
281 821 350 846 beuo
369 819 530 854 cepiffltms
543 838 550 847 .
571 826 640 854 prae-

61 857 151 877 mrum
173 851 301 877 vicioriae
313 853 375 883 jure
383 853 449 879 belli
459 852 638 879 habiturum.

52 882 82 915 fi
100 888 232 909 neutrum
254 890 347 908 eorum
359 884 437 916 joret
450 901 457 913 ‚
474 884 582 916 placere
599 891 642 910 co·

55 914 216 947 gnitionem
233 913 348 945 senatui
365 915 522 947 ufir-vari.-
549 912 587 948 εἴ)
607 921 643 942 ut

59 946 157 972 omnla
170 946 201 971 in
211 947 318 979 Integre
328 953 473 973 manerem
485 964 492 976 ,
501 948 640 980 prafidia,

59 984 123 1011 αμα
143 978 174 1003 in
195 978 233 1004 iis
252 979 567 1011 urbibus-fint,aeauci.
589 981 640 1006 Hae

58 1009 157 1036 cauffae
168 1010 291 1036 maxime
299 1011 425 1036 animum
439 1011 564 1044 Philippi
575 1012 645 1037 alie-

62 1047 205 1076 naverunt
217 1043 252 1067 ab
274 1044 422 1068 Romanis.
435 1049 468 1068 ut
481 1050 539 1069 non
549 1045 564 1068 a
577 1044 643 1068 Per-

61 1071 110 1100 seo
128 1074 193 1099 filio
214 1074 279 1103 ejus
299 1076 382 1100 novis
399 1075 498 1101 caustis
518 1081 641 1104 motum,

62 1104 112 1131 sed
122 1105 160 1130 ob
170 1105 218 1130 has
228 1105 244 1131 a
257 1110 335 1137 patre
346 1106 451 1132 bellum
463 1106 590 1132 reustum
604 1107 642 1132 fi-

60 1136 104 1163 lio
124 1137 215 1163 videri
236 1137 331 1167 poflit.
352 1139 452 1164 Romae
473 1137 553 1164 nulla
571 1138 641 1165 belli

63 1167 246 1195 Macedonici
266 1167 388 1201 suspicio
407 1175 477 1195 erat.
506 1171 543 1195 L.
555 1170 642 1195 Man-

59 1198 118 1226 lius
130 1198 282 1232 proconsul
302 1207 338 1226 ex
353 1200 488 1229 Hispania
500 1202 637 1228 redierat.

60 1232 109 1258 cui
129 1231 287 1264 postulanti
308 1232 343 1257 ab
353 1232 451 1259 senatu
464 1234 493 1258 in
504 1234 564 1259 aede
575 1234 641 1260 Bel-

5 1282 16 1292 .
57 1262 136 1289 lonae
162 1263 341 1295 triumphum
378 1270 474 1290 rerum
499 1265 640 1295 gestarum

60 1295 232 1325 magnitudo
260 1296 470 1327 impetrabilem
495 1297 640 1323 faciebat:

59 1327 223 1357 exemplum
243 1327 390 1362 obstabat}
409 1328 487 1358 quod
501 1330 547 1358 ,ita
567 1335 644 1355 com-

62 1363 192 1390 paratum
227 1365 306 1384 more
334 1365 476 1388 majorum
501 1365 583 1389 erat,
605 1366 642 1386 ne

61 1389 130 1423 quIs
138 1405 146 1417 ‚
157 1390 208 1422 qui
217 1390 375 1425 exercitum
386 1397 445 1416 non
457 1391 644 1421 deportarier,

62 1422 275 1454 triumpharet,
295 1423 349 1447 nili
368 1423 556 1452 perdomitam
566 1429 646 1455 paca-

65 1456 183 1484 tamque
202 1454 379 1484 provinciam
402 1455 563 1482 tradidisset
581 1455 644 1480 suc-

60 1483 173 1511 ceffori.
202 1485 314 1512 medius
334 1491 428 1512 tamen
444 1487 538 1512 honos
558 1487 645 1512 Man-

59 1516 104 1543 lio
121 1515 256 1545 habitus,
275 1522 309 1544 ut
326 1524 415 1544 ovans
432 1518 530 1544 urbem
541 1518 642 1544 iniret.

62 1548 149 1574 Tulit
169 1554 292 1575 coronas
310 1555 410 1575 aureas
429 1551 643 1582 quinquaginta

63 1580 154 1606 duas:
173 1580 238 1606 auri
256 1586 392 1613 praeterea
411 1583 510 1613 pondo
529 1588 644 1608 centum

62 1611 171 1643 viginti
191 1611 271 1637 duo:
293 1613 403 1644 argenti
423 1613 541 1638 sedecim
551 1614 644 1640 millia

63 1647 193 1669 trecenta
205 1651 210 1666 :
232 1643 262 1669 &
275 1645 482 1673 pronunciavit
492 1645 522 1670 in
533 1646 644 1672 ienaru.

64 1673 163 1701 decem
173 1674 265 1700 millia
274 1676 372 1706 pondo
383 1677 516 1709 argenti,
527 1677 556 1703 St
565 1678 646 1702 octo-

63 1707 147 1737 ginta
165 1706 230 1744 auri
246 1706 283 1737 Q.
295 1707 414 1742 Fabium
423 1708 588 1739 quaestorem
598 1708 649 1734 ad-

60 1738 174 1765 vehere.
191 1738 221 1764 id
243 1744 360 1770 quoque
376 1741 404 1765 ie
424 1740 454 1765 in
467 1740 598 1766 :erarium
610 1740 647 1765 il-

61 1769 204 1796 laturum.
222 1769 273 1794 Ma
294 1776 347 1796 nus
364 1776 459 1797 motus
477 1771 589 1798 servilis
608 1778 644 1798 eo

64 1807 145 1828 anno
159 1800 190 1826 in
203 1803 268 1833 Apu
285 1808 311 1827 ia
322 1801 392 1829 fult.
409 1803 568 1829 Tarentum
581 1810 647 1834 pro·

63 1833 195 1859 vinciam
212 1833 249 1859 L.
261 1833 422 1861 Postumius
446 1839 551 1865 praetor
561 1835 646 1861 habe-

66 1865 129 1891 bat.
157 1865 185 1890 15
204 1865 240 1891 de
261 1865 403 1897 pastorum
422 1867 650 1898 conjuratione,

65 1897 119 1929 qui
140 1897 198 1921 vias
215 1897 379 1924 latrociniis
388 1896 545 1929 pascuaque
554 1899 649 1931 publi-

65 1934 100 1955 ca
110 1927 214 1954 infesta
223 1928 384 1955 habuerant
394 1945 403 1957 ‚
413 1929 597 1961 quaestionem
609 1928 650 1956 se-

66 1964 134 1986 vere
152 1961 284 1986 exercuit
295 1977 303 1989 ‚
321 1961 356 1987 ad
376 1961 482 1993 septem
492 1962 586 1988 millia
598 1962 651 1987 ho·

69 1991 183 2017 minum
194 1992 410 2018 condemnavit:
423 1993 510 2019 multi
521 1993 590 2019 inde
602 1993 649 2018 fu-

66 2026 193 2061 gerunt:
214 2024 252 2050 de
269 2024 370 2050 multis
378 2022 522 2056 sumptum
534 2025 573 2051 est
584 2024 650 2055 sup-

68 2054 200 2112 glicium.
221 2054 363 2082 Consules
372 2056 423 2082 diu
439 2057 544 2082 retenti
556 2057 591 2082 ad
603 2063 651 2082 ur-

89 2093 132 2112 em
152 2086 328 2116 deleamus,
353 2088 469 2115 tandem
488 2087 520 2114 in
532 2089 651 2120 provin-

69 2118 129 2146 cias
139 2117 262 2149 profesti
271 2118 352 2147 sunt.

103 2151 173 2181 Cap.
192 2151 254 2175 ΧΧ
267 2152 304 2175 Χ.
324 2151 433 2177 Eodem
453 2157 530 2177 anno
549 2152 580 2177 in
600 2151 653 2178 Hi-

64 2179 165 2210 spania
183 2187 319 2214 praetores
336 2184 371 2207 c.
383 2182 598 2214 calpurnius&
618 2184 654 2209 L.

69 2212 230 2246 Quintius,
250 2220 339 2245 quum
360 2215 453 2243 primo
473 2221 536 2243 vete
557 2221 591 2241 ex
611 2215 655 2240 hi-

73 2243 170 2270 bernis
188 2251 221 2271 co
243 2246 282 2272 ias
291 2245 405 2272 edustas
417 2247 446 2271 in
460 2246 654 2277 Beturiajun-

69 2274 195 2305 xissem,
221 2252 252 2302 fn
278 2278 479 2309 Carpetaniam
501 2293 510 2307 ‚
535 2279 585 2304 ubi
604 2279 654 2304 ho-

72 2306 160 2333 stium
184 2308 272 2333 castra
288 2313 390 2336 erant.
409 2309 547 2341 progrefli
565 2309 634 2337 sunt
649 2316 657 2341 ·‚

71 2339 221 2365 communi
241 2339 338 2366 animo
367 2341 546 2371 coniilioque
565 2343 658 2374 parari

76 2374 138 2397 rem
146 2375 256 2404 gerere.
273 2371 359 2400 Haud
369 2372 474 2406 procul
482 2374 619 2407 Hippone
628 2373 657 2403 δι

674 114 878 150 xxxix.
1192 115 1258 160 65¹

681 161 791 187 Toleto
807 160 928 188 urbibus
945 175 955 189 ‚
981 158 1060 187 inter
1082 159 1267 191 pabulatores

679 199 776 225 pugna
797 198 863 220 orta
881 192 931 218 est.
944 192 1054 228 *quibus
1073 193 1141 219 dum
1161 194 1265 220 utrim-

679 231 736 255 que
755 223 926 252 subvenitur
941 231 957 250 a
975 223 1072 250 castris
1091 239 1099 251 ‚
1125 226 1262 255 paulatim

680 263 780 283 omnes
797 257 886 289 copiae
908 256 939 281 in
958 256 1048 282 aciem
1066 256 1172 282 eduetae
1182 256 1264 286 sunt.

679 289 715 314 tn
725 295 759 314 eo
771 287 964 315 tumultuario
973 288 1130 314 certamine
1142 304 1149 314 .
1159 288 1188 314 δε
1200 289 1264 316 loca

678 319 729 346 sua
747 320 776 347 St
794 325 884 351 genus
894 325 995 353 pugnze
1006 325 1059 351 pro
1072 319 1151 355 hoste
1162 319 1259 347 fuere.

678 352 740 378 duo
759 353 902 379 exercitus
921 351 1046 377 Romani
1057 350 1124 380 fun,
1133 357 1219 383 atque
1229 353 1262 379 in

678 383 767 410 castra
786 384 923 416 compuiii
942 382 1020 409 sunt.
1046 389 1106 408 non
1128 383 1263 411 institere

680 415 816 445 perculsis
834 415 936 441 hostes.
965 415 1104 440 Praetores
1123 416 1263 444 Romani.

678 453 716 472 nc
739 447 852 478 postero
862 447 909 473 die
919 445 1005 473 castra
1013 452 1263 478 oppugnarentur.

679 478 796 505 filentio
814 479 952 511 proximae
973 477 1066 504 noctis
1077 478 1166 505 tacito
1177 479 1260 509 signo

679 511 838 537 exercitum
856 510 1051 536 abduxerunt.
1069 511 1148 536 Luce
1167 511 1261 543 prima

681 541 804 573 Hispani
825 543 884 569 acie
905 541 1040 568 instrueta
1050 542 1085 568 ad
1098 542 1205 568 vallum
1215 548 1262 570 ac-

679 573 836 601 cesserunt,
857 579 1000 605 vacuaque
1019 579 1120 605 przeter
1129 573 1205 605 spem
1217 580 1263 600 ca-

679 606 736 631 stra
747 605 861 637 ingressi
873 620 882 633 ,
899 611 961 637 quae
974 604 1111 631 derelicta
1120 605 1198 631 inter
1209 611 1264 631 no·

679 637 809 662 (turriam
829 637 1052 668 trepidationem
1063 642 1149 664 erant
1160 653 1168 665 ‚
1187 636 1262 663 diti-

680 673 823 698 pueruntr
849 668 1020 701 regn-essique
1037 668 1067 693 in
1087 668 1135 694 sua
1153 669 1241 704 castra
1253 684 1263 697 ‚

680 706 782 731 paucos
807 700 866 727 dies
892 700 997 731 quietis
1021 699 1131 726 stativis
1155 703 1264 726 manle.

682 737 762 757 runt.
783 733 983 758 Romanorum
996 731 1197 763 sociorumque
1209 749 1216 760 .
1229 733 1261 758 in

679 763 780 795 praelio
798 763 937 796 fugaque,
964 763 1000 789 ad
1019 764 1149 795 quinque
1168 763 1263 790 millia

680 795 788 821 occisa:
810 802 935 827 quorum
955 793 984 820 se
1002 793 1102 826 spoliis
1112 796 1262 821 hostesar·

679 832 807 853 marunt.
825 827 894 853 inde
904 826 938 852 ad
950 828 1061 856 Tagum
1074 827 1183 853 flumen
1195 834 1263 858 pro-

680 858 747 885 festi
768 857 846 885 sunt.
870 859 1008 884 Praetores
1021 859 1138 885 interim
1154 860 1263 885 Rorna-

680 891 710 915 ni
723 908 731 919 ,
748 895 834 917 omne
844 890 873 916 id
885 896 995 920 tempus
1006 891 1212 917 contrahendis
1221 895 1259 916 ex

680 922 844 948 civitatibus
862 921 947 956 sociis
964 921 1159 951 Hispanorum
1178 922 1264 949 auxi-

678 954 726 980 liis
737 970 744 982 ,
763 953 980 984 reficiendiique
996 953 1031 979 ab
1040 954 1265 980 terroreadver-

680 986 715 1010 sse
737 992 837 1016 pugnae
850 984 974 1011 militum
985 986 1106 1013 animis,
1126 984 1263 1012 consum-

680 1016 801 1047 pserunt
831 1017 881 1043 ubi
893 1015 958 1042 satis
975 1017 1108 1047 placuere
1119 1017 1210 1046 vires,
1228 1016 1261 1045 ae

678 1049 736 1080 jam
748 1049 828 1074 miles
835 1055 962 1080 quoque,
971 1048 1006 1074 ad
1016 1048 1166 1075 delendam
1180 1050 1260 1079 prio·

679 1087 739 1106 rem
756 1080 943 1112 ignominiam
956 1095 964 1108 ‚
981 1080 1089 1105 hostem
1108 1078 1262 1112 poscebatg

682 1112 835 1139 duodecim
861 1112 953 1137 millia
978 1110 1104 1142 passuum
1125 1112 1159 1138 ab
1178 1113 1263 1144 Tago

681 1144 802 1170 flumine
812 1142 971 1172 posuerunt
979 1143 1077 1170 castra.
1095 1143 1165 1171 inde
1174 1144 1262 1170 tertia

681 1176 782 1207 vigilia
799 1175 921 1202 sublatis
948 1174 1054 1204 sienis.
1071 1176 1214 1205 qtiadrato
1232 1182 1265 1201 a·

680 1208 777 1240 gmine
798 1207 943 1238 principio
954 1206 1028 1233 lucis
1037 1207 1071 1232 ad
1083 1208 1156 1239 Tagi
1169 1208 1260 1238 ripam

680 1244 884 1270 pervenerunt.
904 1239 1000 1263 Trans
1017 1238 1139 1265 fluvium
1157 1239 1187 1264 in
1200 1239 1261 1265 col-

680 1273 707 1298 le
718 1271 841 1296 hostium
851 1270 939 1295 castra
947 1271 1192 1302 eranr.extemplo
1201 1277 1259 1302 qua

681 1303 794 1329 duobus
818 1301 891 1327 locis
915 1301 985 1327 vada
1006 1302 1134 1328 nudabat
1151 1303 1260 1330 amnis»

681 1334 798 1360 dextera
811 1339 890 1366 parte
898 1333 1158 1364 Calpurnius‚iaeva
1167 1334 1265 1366 Quin-

681 1367 740 1391 tius
759 1367 915 1391 exercitum
927 1365 1139 1392 traduxerunt:
1158 1366 1262 1397 quieto

679 1398 759 1423 hoste
771 1413 780 1425 ,
799 1398 867 1423 dum
886 1397 1008 1423 miratur
1018 1396 1146 1423 subitum
1156 1397 1265 1423 adven·

680 1434 742 1455 tum
756 1444 765 1455 .
782 1427 1003 1459 conihiratque3
1025 1430 1075 1460 qui
1105 1429 1266 1456 tumultum

682 1461 802 1492 injicere
822 1460 1036 1490 trepidantibus
1047 1461 1075 1485 in
1088 1460 1148 1491 ipso
1157 1460 1264 1486 tranii-

679 1498 712 1519 tu
734 1492 826 1518 amnis
843 1491 990 1521 potuisset.
1009 1493 1133 1517 Interim
1153 1493 1263 1518 Roma-

680 1526 713 1550 ni
740 1523 953 1554 impedimentis
988 1529 1105 1555 quoque
1130 1524 1266 1551 omnibus

681 1555 822 1583 tradutiis
839 1554 1050 1587 contractisque
1069 1557 1097 1581 in
1117 1561 1208 1581 unum
1219 1555 1266 1582 io-

681 1594 745 1614 cum
757 1603 766 1617 ‚
789 1587 859 1618 quia
880 1587 934 1615 iam
946 1587 1054 1613 moveri
1066 1586 1201 1613 videbant
1212 1587 1266 1613 ho-

682 1619 768 1646 stem.
788 1625 841 1644 nec
858 1617 982 1651 spacium
1000 1623 1061 1644 erat
1081 1617 1168 1644 castra
1187 1624 1266 1644 com-

684 1650 835 1676 muniendi
854 1665 863 1678 ,
893 1650 981 1675 aciem
998 1650 1211 1677 instruxerunt.
1230 1651 1262 1677 in

684 1682 780 1708 medio
791 1681 890 1707 locatae
902 1681 1005 1712 quinta
1014 1681 1166 1714 Calpurnii
1177 1681 1265 1712 legio,

685 1714 713 1741 ὅ(
724 1712 821 1739 octava
830 1712 961 1747 Qintii.
973 1713 1002 1739 id
1014 1714 1103 1739 robur
1113 1718 1176 1739 toto
1185 1719 1268 1739 exer-

684 1745 748 1772 citu
764 1750 837 1770 erat.
863 1748 1001 1775 campum
1027 1749 1157 1775 apertum
1176 1744 1268 1777 usque

685 1777 721 1803 ad
739 1775 863 1810 hostium
881 1775 969 1802 castra
989 1775 1266 1804 habebantliberum

686 1807 701 1834 a
715 1812 793 1833 metu
803 1807 985 1834 inindiarum.

721 1841 792 1870 Cap.
803 1840 829 1863 Χ
839 1840 864 1863 Χ
875 1840 900 1864 X
911 1840 935 1865 1.
954 1838 1074 1869 Hispani
1088 1840 1269 1872 posteaquam

689 1871 719 1897 in
739 1870 876 1897 citeriore
893 1871 955 1901 ripa
983 1871 1044 1897 duo
1065 1873 1269 1898 Romanorum

687 1902 802 1934 agmina
810 1901 1036 1934 conspexerunt,
1047 1909 1090 1932 ur,
1101 1902 1269 1936 priusquam

685 1933 716 1961 se
730 1933 853 1965 jungere
868 1940 956 1966 atque
975 1935 1116 1971 instruere
1137 1935 1248 1968 pofl‘ent
1260 1951 1271 1966 ‚

688 1971 861 1997 occuparent
882 1972 946 1993 eos,
959 1967 1055 1993 castris
1074 1972 1189 1998 repente
1198 1967 1272 1995 effu·

689 1996 712 2023 st
731 1996 815 2023 cursu
833 1998 870 2024 ad
882 2003 1004 2030 pugnam
1015 1999 1154 2025 tendunt.
1175 2002 1272 2027 Atrox

689 2029 719 2055 in
731 2028 876 2062 principio
894 2030 1022 2067 praelium
1032 2029 1093 2056 fuit
1104 2038 1112 2060 ς
1130 2031 1160 2058 8<
1170 2030 1274 2061 Hispa-

691 2061 737 2086 nis
757 2062 866 2087 recenti
876 2061 994 2087 victoria
1005 2060 1167 2090 ferocibus,
1185 2063 1213 2089 8<
1227 2063 1274 2089 ln-

690 2091 771 2117 sueta
792 2093 953 2124 ignominia
970 2093 1063 2119 milite
1085 2095 1218 2120 Romano
1229 2100 1275 2121 ac-

691 2122 788 2149 censo.
802 2126 936 2150 acerrime
944 2125 1036 2150 media
1046 2125 1127 2153 acies,
1138 2125 1200 2152 duae
1210 2124 1274 2153 for.

694 2154 802 2181 tinimae
819 2155 947 2187 legiones
958 2170 966 2182 ‚
984 2156 1156 2182 dimicabant
1170 2164 1179 2188 ς
1201 2163 1276 2190 quos

693 2193 784 2219 quum
800 2186 886 2214 aliter
906 2188 1014 2213 moveri
1033 2188 1099 2213 loco
1119 2194 1179 2214 non
1199 2190 1274 2220 ροβε

695 2218 783 2244 hostis
792 2223 933 2245 cerneret,
945 2219 1154 2246 cuneoizfflrit
1163 2227 1202 2251 pu
1224 2227 1275 2247 na-

695 2256 726 2276 re
739 2258 745 2275 :
759 2250 789 2286 ξς
810 2249 898 2282 υίὲμιε
909 2250 1006 2280 plures
1014 2250 1192 2278 confertiure
1207 2259 1275 2284 que,

695 2282 806 2307 medios
823 2282 973 2313 urgebant.
991 2281 1035 2308 lbi
1049 2283 1224 2314 posteaquam
1234 2285 1277 2311 la·

695 2314 796 2338 horare
814 2313 901 2338 aciem
923 2313 1100 2343 calpurnius
1117 2320 1222 2346 przetor
1233 2317 1261 2343 vi
1272 2328 1285 2335 —

698 2345 744 2370 dit
755 2360 764 2372 2
786 2345 822 2369 T.
837 2344 1016 2376 Quintilium
1026 2345 1134 2372 Varum
1144 2362 1153 2376 ‚
1175 2348 1211 2373 L.
1222 2348 1277 2381 Ju-

695 2375 829 2405 vcntium
838 2376 981 2436 Tb³¹ss²gm
991 2377 1102 2412 legatos
1109 2395 1118 2412 ,
1130 2379 1167 2407 ad
1178 2379 1219 2407 tin
1224 2386 1280 2438 giu-
