1414 2655
143 130 252 156 rectitu-
250 127 311 162 fit,
332 128 420 155 etiam
437 128 476 155 ad
484 130 600 160 pacatos
617 127 722 154 barba-

142 168 190 188 ros
201 178 209 192 ‚
226 162 353 200 nondum
364 160 444 198 ,fiatis
465 156 588 191 afflectes
597 159 721 193 imperio,

143 197 300 220 exercitum
312 197 402 219 mztn.
419 198 496 217 novo
507 196 614 220 autem,
623 197 662 218 an
671 198 722 217 ve-

140 229 200 252 tere
210 225 334 251 exercitu
344 230 412 256 opus
419 225 454 256 fit
463 232 472 250 .·
492 224 554 255 eius
562 220 614 256 effe
624 225 724 251 dicere,

143 258 197 289 qui
209 257 283 289 Jcire
301 256 376 290 poffit
387 274 395 286 ,
413 262 473 289 qua
483 255 536 285 fia'e
545 255 681 288 Celtiberi
691 256 723 281 in

141 293 210 322 pace
221 288 352 322 mansuri
371 293 415 314 mr
423 297 432 313 .·
443 287 530 320 fimul
540 295 576 319 ω·
587 287 640 320 qui
648 287 722 313 iuna

143 321 323 354 exploratum
361 319 622 353 abeat‚quieturos
645 318 723 345 mili·

142 355 200 382 tes,
217 353 242 385 fi
250 352 365 379 diutim
376 351 408 378 in
416 351 571 384 provincia
580 350 723 377 retinean-

143 389 206 411 tur.
225 385 258 410 Si
276 390 312 410 ex
329 391 357 409 eo
368 384 469 417 „quoa
486 387 540 408 aut
560 382 670 414 interse
681 382 722 408 lo-

141 419 276 450 quantur
286 433 294 445 ,
302 421 355 442 aut
361 414 636 446 succlamationibus
646 415 722 447 apua

145 449 362 475 concionantem
398 448 588 479 imperatorem
611 445 719 478 fignifi-

145 484 211 506 cent
221 496 229 509 ‚
245 480 317 513 quid
330 479 465 512 sentiant
475 495 484 507 ‚
507 478 721 509 conjectandum

135 511 202 545 ‚615
220 513 316 544 palam
332 509 505 542 vociferatos
515 507 581 543 effe,
605 515 656 536 aut
668 511 721 535 im-

143 548 299 577 peratorem
321 543 353 569 in
371 541 523 575 pro-vincia
543 545 720 569 retenturos,

145 579 208 611 aut„
219 581 281 601 cum
299 582 327 601 eo
339 576 370 601 in
381 574 502 601 Italiam
511 577 650 599 venturos
659 570 720 606 effe.

146 608 392 639 Diiceptarionem
419 607 496 632 inter
513 611 663 637 praetorem
685 606 724 632 le·

143 646 300 672 flatumque
320 638 468 665 consulum
485 637 725 664 relatiointerru·

144 672 201 704 pit:
214 673 265 702 qui
275 670 336 697 suas
345 672 444 697 ornari
455 668 725 702 provinciasfflrius-

144 709 232 734 quam
249 704 284 730 de
302 703 432 736 praetoris
441 702 571 728 exercitu
579 706 721 733 ageretur,

145 742 262 767 aequum
279 734 442 762 censebant.
459 734 559 760 Novus
569 733 662 759 omnis
674 738 722 758 ex-

145 769 257 794 ercitus
273 766 441 794 consulibus
461 765 500 792 est
510 766 659 792 decretus:
683 764 723 790 bi·

146 807 193 825 nae
215 799 343 832 legiones
360 800 497 824 Romanae
506 804 568 823 cum
580 796 631 822 suo
643 797 724 828 equi-

142 836 219 858 tatu,
230 831 258 858 Sc
268 829 375 857 socium
385 830 485 856 Latini
495 829 726 860 nominis,quan-

145 869 194 889 tus
203 865 311 894 semper
321 867 455 888 numerus
465 877 474 889 ,
484 860 647 892 quindecim
660 861 723 887 mii-

139 895 187 921 Jia
206 896 354 928 peditum,
369 894 398 921 &
418 893 580 925 octingenti
599 892 721 923 equites.

142 934 209 953 cum
219 928 274 953 hoc
283 926 412 953 exercitu
433 926 561 957 Apuanis
569 925 727 956 Liguribus

141 965 178 986 ut
190 959 296 985 bellum
317 957 459 984 inferrent
469 972 477 985 ‚
496 957 661 982 mandatum
673 956 723 981 est.

142 990 333 1017 1‘.C01·nelio
360 989 390 1016 δε
410 988 565 1015 M.B;ebio
585 993 723 1021 proroga-

144 1027 213 1050 tum
233 1023 384 1054 imperium
401 1030 407 1046 ε
427 1020 549 1053 justique
561 1020 724 1054 provincias

143 1056 295 1083 obtinere,
313 1054 407 1080 donec
426 1051 556 1080 consules
575 1051 723 1078 venissent.

142 1093 209 1114 zum
233 1088 398 1118 imperatum
411 1101 420 1115 ‚
440 1089 473 1112 ut
483 1083 614 1112 dimisso.
635 1089 718 1115 quem

146 1120 305 1147 haberent,
325 1118 452 1144 exercitu
473 1132 482 1145 ‚
510 1121 724 1142 reverterentur

144 1152 281 1178 Romam.
300 1151 343 1176 De
363 1149 412 1175 Ti.
431 1148 593 1179 sempronii
614 1147 721 1174 deinde

144 1184 276 1210 exercitu
295 1183 389 1208 actum
397 1181 446 1208 est.
464 1187 565 1206 novam
578 1180 720 1211 legionem

142 1217 170 1242 ei
190 1217 319 1247 quinque
337 1214 463 1240 millium
480 1212 509 1239 8<
530 1213 722 1238 ducentorum

144 1247 275 1280 peditum
294 1253 358 1272 cum
369 1246 515 1276 equitibus
526 1244 723 1274 quadringen-

143 1279 185 1306 tis
201 1278 332 1305 consules
349 1276 470 1304 scribere
489 1276 573 1306 jufli:
591 1275 620 1301 ὃς
641 1275 722 1300 mille

141 1316 279 1343 praeterea
300 1309 428 1343 peditum
449 1309 555 1335 civium
576 1308 723 1341 Romano-

144 1350 222 1372 rum,
232 1342 446 1375 quinquaginta
455 1341 567 1372 equites
580 1348 586 1364 :
599 1339 628 1365 Sc
638 1339 722 1364 lociis

149 1372 168 1402 ἑ·
184 1376 305 1401 nomine
330 1374 437 1399 Latino
462 1373 602 1404 imperare
617 1370 722 1403 septem

145 1407 239 1434 millia
265 1406 411 1438 peditum,
431 1409 577 1431 trecentos
597 1404 720 1435 equites.

141 1447 207 1466 cum
228 1439 282 1466 hoc
302 1438 431 1464 exercitu
452 1435 614 1469 placuitire
626 1435 656 1460 in
668 1435 722 1460 Hi-

137 1470 268 1502 spaniam
293 1470 459 1496 citeriorem
494 1467 544 1493 Ti.
593 1468 723 1498 sempro-

141 1504 236 1531 nium.
256 1503 292 1534 Q..
304 1502 411 1527 Ful-tio
427 1500 590 1533 permistum
601 1515 609 1527 ,
629 1504 662 1524 ut
673 1499 723 1529 qui

140 1536 250 1562 milites
265 1540 333 1561 ante
357 1534 405 1565 Sp.
426 1532 603 1558 Postumium
614 1547 622 1558 ‚
634 1531 663 1557 ἃ
681 1530 730 1564 Q

141 1568 288 1594 Marcium
301 1565 441 1592 consules,
452 1564 524 1591 cives
536 1563 660 1588 Romani
674 1560 718 1589 so-

138 1600 215 1627 ciive
235 1600 266 1625 in
291 1597 457 1630 Hispaniam
474 1594 662 1626 transportati
681 1593 723 1620 es-

138 1633 206 1658 sent
218 1647 224 1658 .
235 1631 264 1658 &c
276 1635 413 1662 praeterea
422 1645 430 1657 ‚
452 1626 655 1660 supplemento
669 1626 719 1652 ad-

140 1664 230 1690 ducto
243 1679 252 1692 ,
271 1666 345 1694 quot
366 1661 488 1692 amplius
509 1658 619 1686 duabus
629 1658 722 1688 legio-

138 1696 243 1722 nibus,
264 1700 348 1725 quam
368 1694 464 1719 decem
483 1691 593 1719 millia,
612 1690 722 1721 &qua-

140 1727 295 1758 dringenti
313 1725 422 1758 pedites
434 1741 441 1754 ,
462 1723 587 1749 sexcenti
608 1722 720 1754 equites

139 1759 252 1788 effenu
279 1758 308 1785 8<
334 1756 444 1784 socium
468 1755 570 1781 Latini
590 1753 720 1780 nominis

137 1790 293 1818 duodecim
315 1789 421 1815 millia.
448 1787 575 1814 sexcenti
597 1785 720 1819 equites·

137 1828 264 1856 quorum
281 1821 355 1847 forti
372 1825 460 1850 onera
469 1819 724 1846 duobusadverlus

139 1854 303 1881 Celtiberos
325 1852 432 1885 praeliis
455 1849 522 1877 usus
540 1851 576 1882 Q
595 1849 720 1876 Fulvius

138 1887 226 1916 effen
243 1892 309 1912 eos,
327 1884 349 1910 fi
369 1884 535 1911 videretur,
554 1883 647 1909 secum
669 1881 720 1908 de-

137 1923 284 1952 portaret.
302 1917 342 1942 Et
352 1915 578 1948 supplicationes
587 1914 718 1943 decretae,

137 1951 221 1988 quod
233 1950 256 1976 is
268 1948 402 1981 prospere
413 1947 616 1978 rempublicam
625 1944 719 1984 gellis-

135 1983 180 2010 1et
193 1991 199 2008 ε
221 1982 251 2008 St
262 1981 357 2007 caeteri
367 1984 502 2012 praetores
518 1979 547 2004 in
559 1978 722 2010 provincias

138 2014 225 2041 mim.
243 2014 281 2045 Q.
293 2013 383 2039 Fabio
394 2011 521 2038 Buteoni
533 2015 718 2042 prorogatum

139 2047 172 2072 in
193 2046 290 2073 Gallia
310 2044 462 2075 imperium
473 2042 523 2069 est.
543 2042 719 2074 octotegio-

137 2085 190 2105 nes
203 2095 210 2108 ‚
232 2082 336 2109 praeter
345 2076 504 2103 exercitum
517 2079 636 2100 veterem
647 2088 655 2101 ‚
667 2073 719 2103 qui

132 2111 169 2137 in
188 2109 345 2142 Liguribus
362 2109 393 2134 in
411 2108 458 2140 spe
480 2112 531 2137 pro
553 2106 642 2142 inqua
654 2102 718 2130 mis-

137 2143 230 2169 tionis
239 2147 310 2169 erat,
320 2147 355 2167 eo
363 2146 442 2166 anno
452 2138 505 2165 esse
516 2146 533 2168 p
547 2142 635 2163 acuit.
651 2135 681 2162 8<
696 2137 719 2161 is

135 2174 195 2206 ipse
213 2174 355 2199 exercitus
373 2177 446 2204 aegre
465 2170 633 2205 explebatur
651 2174 717 2206 pro-

134 2213 200 2238 pter
218 2204 407 2236 pestilentiam
419 2220 428 2233 ‚
449 2209 513 2234 quae
528 2207 585 2232 Jam
596 2204 714 2226 ternum

134 2245 244 2265 annum
265 2237 364 2263 urbem
387 2237 547 2262 Romanam
562 2238 649 2264 atque
660 2232 718 2258 Ita-

134 2271 204 2297 liam
215 2269 348 2296 vastabat.

168 2305 240 2334 Cap.
273 2302 298 2326 X
309 2302 334 2326 x
348 2301 372 2326 X
384 2300 410 2324 V
422 2300 436 2325 1
447 2299 472 2324 1.
508 2297 618 2323 I'raetor
661 2294 712 2321 Ti.

137 2334 306 2362 Minucius,
321 2333 351 2359 δε
377 2331 454 2357 haud
475 2329 517 2356 ita
535 2329 630 2355 multo
652 2326 713 2358 post

137 2367 246 2394 uonna
258 2367 293 2393 C.
306 2364 483 2398 calpurnius
492 2362 628 2390 moritur,
639 2359 715 2388 mul-

690 82 888 116 Ltvtr

769 128 912 160 multique
932 127 985 154 aiii
1004 127 1136 155 omnium
1156 124 1291 153 ordinum
1308 117 1348 153 n-

766 160 869 187 lustres
877 159 932 186 viri
944 167 951 186 ε
1011 160 1113 186 stremo
1123 175 1132 188 ‚
1142 158 1268 191 prodigii
1278 158 1346 185 loco

766 198 799 217 ea
817 192 912 218 clades
931 192 968 218 ha
987 192 1030 218 eri
1038 196 1131 225 coepta
1140 191 1191 217 est.
1208 191 1244 215 c.
1255 190 1347 217 Servi-

764 224 823 250 lius
842 223 978 257 pontifex
995 224 1134 250 maximus
1146 239 1154 251 ,
1175 221 1285 255 piacula
1295 218 1359 248 ira?

767 257 858 282 Deum
877 262 930 282 con
954 255 1049 282 uire’re
1065 255 1173 287 justus,
1191 254 1348 282 decemviri

766 287 855 313 libros
874 287 939 318 insp
954 294 1014 313 cere
1030 304 1038 316 .
1067 285 1169 314 consul
1186 284 1321 318 Apollini
1332 301 1342 316 ‚

767 318 936 355 AEsculapio
947 335 956 348 ‚
967 319 1057 346 Saluti
1068 335 1076 347 ‚
1088 319 1166 346 dona
1174 323 1277 344 vovere
1286 333 1294 346 ‚
1311 316 1344 345 δε

765 351 833 378 dare
844 351 866 376 11
887 357 923 377 na
935 351 1076 379 mauram,
1085 357 1148 382 quae
1157 351 1236 377 vovit
1247 349 1343 376 dedit-

765 389 831 415 que.
896 383 1029 409 ecemviri
1049 381 1289 415 supplicationem
1309 381 1342 407 in

765 415 884 442 biduum
903 415 1075 442 valetudinis
1091 413 1198 443 caussa,
1217 413 1248 439 ln
1259 412 1343 441 urbe.

763 447 867 484 &jer
886 447 982 472 omnia
1007 446 1071 472 fora
1086 444 1341 477 conciliabulaque

765 478 920 504 edixerunt
932 485 938 502 :
962 480 1083 507 majores
1094 477 1246 504 duodecim
1257 475 1343 502 annis

766 517 865 536 omnes
883 511 1033 537 coronati,
1053 509 1081 535 ὃς
1102 509 1228 535 lauream
1240 508 1271 533 in
1284 513 1343 533 ma-

765 547 804 568 nu
818 547 951 568 tenentes
961 541 1202 576 supplicaverunt.
1218 539 1345 576 Fraudis

765 581 880 605 quoque
899 575 1030 600 humanae
1046 574 1239 599 insinuaverat
1249 569 1345 603 suipi-

762 606 810 641 c'io
829 606 949 631 animis:
970 605 999 632 ὅ(
1017 605 1149 631 veneficii
1169 604 1287 635 quaeiiio
1305 607 1343 628 ex

762 638 878 664 leuatus
896 635 1047 663 consulto,
1066 637 1144 667 quod
1156 635 1266 662 inntbe
1277 641 1346 666 pto-

764 668 861 700 plusve
888 669 985 695 urbem
1011 669 1106 694 decem
1133 667 1263 694 millibus
1281 664 1343 698 pas-

765 698 847 727 suum
868 701 934 728 effet
954 698 1144 730 commissum,
1167 698 1340 725 aclaudio

763 733 901 765 praetori.
920 733 1014 763 quiin
1025 732 1119 758 locum
1141 733 1190 757 Ti.
1211 729 1340 756 Minucii

765 770 824 790 erat
843 763 998 795 sufl‘estus3
1017 764 1095 790 ultra
1115 763 1257 789 decimum
1267 761 1367 801 ¹²⁹¹·s

763 796 826 823 dem
838 804 886 830 per
898 796 961 822 fora
970 795 1217 826 conciliabulaque
1230 794 1342 819 c.Mae·

764 830 823 858 nio,
838 828 1001 860 priusquam
1011 827 1042 853 in
1053 828 1213 853 sardiniam
1222 827 1340 857 provin-

762 860 834 885 ciam
861 861 1008 891 trajiceret
1021 875 1029 888 .
1058 860 1184 886 decreta.
1212 856 1344 890 Suspesta

761 892 888 928 consulis
904 898 964 918 erat
980 897 1057 917 mors
1075 891 1207 917 maxime.
1226 894 1346 916 necatus

762 931 778 949 a
798 924 907 956 Quaita
927 923 1051 949 Hostilia
1068 928 1161 948 uxore
1180 922 1341 948 dicebatur.

763 960 798 981 ut
823 956 939 988 quidem
966 955 1046 981 lilius
1069 955 1130 983 eius
1162 954 1199 985 Q
1218 953 1344 979 Fulvius

761 987 880 1014 Flaccus
906 988 936 1012 in
955 988 1049 1013 locum
1068 985 1164 1012 vitrici
1182 985 1282 1011 consul
1301 983 1341 1011 est

762 1019 924 1054 declaratus
936 1024 944 1050 ς
963 1018 1114 1049 aliquanto
1125 1016 1213 1051 magis
1223 1015 1341 1042 infamis

763 1057 840 1077 mors
869 1050 982 1076 Piionis
1008 1049 1096 1081 coepit
1116 1048 1189 1078 efle3
1207 1047 1236 1075 &
1257 1047 1340 1074 testes

760 1082 917 1108 existebant
928 1099 935 1109 .
955 1081 1003 1113 qui
1045 1080 1085 1107 0st
1097 1080 1256 1107 declaratos
1267 1085 1340 1104 con-

760 1112 835 1140 sules
849 1130 857 1142 ,
871 1115 1011 1140 Albinum
1061 1113 1193 1138 Pisonem
1203 1126 1213 1139 ³
1231 1110 1341 1142 quibus

761 1146 884 1173 comitiis
895 1146 1011 1172 flaccus
1020 1145 1126 1171 tulerat
1137 1141 1276 1175 repulsam
1284 1158 1292 1170 ,
1306 1141 1338 1169 ὃ(

761 1178 964 1209 exprobratum
991 1177 1018 1203 ei
1037 1174 1053 1202 a
1079 1179 1171 1201 matre
1188 1174 1341 1204 dicerent,

759 1210 838 1240 quod
857 1210 915 1240 jam
935 1209 962 1234 ei
975 1208 1094 1235 tertium
1107 1211 1226 1238 negatus
1237 1204 1340 1232 consu-

757 1242 832 1267 latus
845 1242 955 1273 petenti
965 1240 1032 1268 effer
1042 1248 1049 1266 :
1061 1239 1090 1267 &
1101 1237 1231 1269 adjecisse
1241 1253 1249 1266 5
1260 1243 1344 1269 para-

758 1279 802 1309 r-et
813 1272 840 1300 se
848 1273 884 1308 ad
896 1274 1050 1305 petendum
1065 1279 1072 1297 t
1085 1272 1162 1298 intra
1171 1270 1246 1305 duos
1258 1275 1340 1295 men-

758 1305 802 1331 ies
811 1305 973 1331 effestutam
986 1321 993 1333 ,
1011 1308 1044 1330 ut
1063 1302 1268 1330 consumeret.
1288 1301 1339 1327 In-

758 1342 801 1363 ter
811 1337 903 1363 multa
921 1336 978 1363 alia
991 1335 1154 1362 testimonia
1162 1333 1197 1360 ad
1217 1332 1338 1360 cantiam

760 1369 955 1400 pertinentia,
978 1368 1036 1394 haec
1079 1372 1175 1399 uoque
1185 1371 1241 1391 vox
1250 1364 1339 1393 nimis

759 1407 827 1427 vero
838 1406 941 1426 eventu
953 1405 1070 1432 compro
1091 1404 1136 1426 ata
1146 1415 1153 1425 ,
1166 1397 1256 1424 valuit
1266 1412 1275 1425 ‚
1287 1401 1340 1422 eur

761 1433 886 1460 Hostilia
906 1433 1101 1459 damnaretur.
1128 1430 1214 1456 Veris
1233 1429 1342 1461 princi-

762 1465 810 1495 pio
828 1464 934 1493 huius,
955 1463 1023 1490 dum
1041 1461 1171 1488 consules
1188 1467 1279 1486 novos
1288 1461 1340 1486 de²

760 1496 850 1522 lestus
869 1497 969 1522 Romae
979 1499 1059 1522 tenet
1072 1500 1080 1526 ;
1099 1498 1175 1519 mors
1184 1492 1288 1519 deinde
1297 1492 1339 1518 al-

760 1529 873 1559 terius;
893 1526 923 1554 at
944 1527 1058 1553 creandi
1077 1525 1195 1552 comitia
1205 1521 1336 1550 consulis

758 1562 789 1587 in
802 1561 896 1586 iocum
908 1560 970 1590 eius
981 1575 989 1588 ‚
1009 1558 1106 1584 omnia
1116 1556 1245 1584 tardiora
1262 1555 1339 1582 fece-

757 1597 848 1622 runt3
869 1591 985 1618 interim
1007 1591 1039 1615 Ρ.
1051 1589 1224 1615 Cornelius.
1240 1587 1270 1614 8t
1289 1587 1336 1613 M.

759 1624 891 1652 Baebius,
932 1623 961 1648 ui
973 1623 1002 1648 in
1014 1620 1165 1653 consulatu
1180 1620 1224 1647 nil
1233 1625 1341 1645 merno-

759 1656 851 1682 rabile
875 1629 1036 1687 gegerantz
1055 1654 1084 1679 in
1098 1656 1234 1685 Apuanos
1249 1652 1342 1684 Ligu-

761 1695 805 1714 res
813 1689 973 1714 exercitum
984 1687 1176 1712 induxerunt.

796 1721 865 1751 cap.
884 1719 1071 1744 xxxvu
1084 1718 1108 1743 1.
1125 1717 1265 1749 Ligures,
1285 1713 1340 1747 qul

759 1758 828 1778 ante
846 1751 998 1786 adventum
1011 1750 1040 1776 in
1051 1750 1226 1785 provinciam
1237 1744 1343 1774 consu*-

759 1785 819 1810 lum
837 1790 896 1808 non
915 1781 1115 1813 exipec‘tassent
1137 1780 1243 1807 beilum
1255 1795 1264 1808 ,
1284 1779 1342 1806 im,-

761 1814 876 1845 proviso
897 1813 1018 1846 oppressi
1035 1819 1043 1842 ς
1064 1814 1098 1839 ad
1109 1812 1262 1840 duodecim
1275 1811 1343 1838 mil-

759 1848 800 1874 lia
826 1847 978 1873 hominum
997 1845 1175 1871 dediderunt
1191 1842 1229 1869 se.
1257 1843 1317 1870 Eos

757 1879 894 1907 consulto
904 1884 953 1909 per
964 1877 1060 1903 literas
1070 1877 1151 1907 prius
1159 1874 1278 1904 senatu,
1290 1876 1308 1902 d
1326 1899 1337 1910 ‚

758 1912 861 1939 ducere
881 1915 915 1935 ex
934 1909 1081 1935 montibus
1091 1909 1121 1934 in
1132 1913 1215 1939 agros
1225 1913 1338 1938 campe6

759 1944 828 1970 stres
838 1941 982 1975 proculab
991 1941 1079 1967 domo
1090 1957 1098 1969 ,
1109 1946 1147 1966 ne
1156 1939 1266 1966 reditus
1277 1938 1338 1970 spes

758 1975 841 2004 effet,
867 1972 1023 1999 Cornelius
1049 1971 1078 1999 8<
1106 1972 1220 1998 Baeblus
1235 1971 1341 1998 statue-

760 2012 850 2032 runt:
869 2005 984 2031 nulium
1002 2004 1090 2030 alium
1099 2008 1167 2030 ante
1177 2003 1264 2030 finem
1283 2002 1342 2029 rati

755 2039 820 2065 fore
836 2037 982 2071 Ligustini
1001 2035 1079 2062 belli.
1107 2037 1183 2068 Ager
1203 2030 1340 2067 publicus

755 2078 791 2103 ρο
812 2070 856 2096 uli
877 2068 1002 2095 Romani
1021 2073 1081 2094 erat
1099 2067 1130 2094 in
1143 2066 1340 2099 samnitibus,

754 2109 790 2135 qu
825 2101 1055 2127 Tauraiinorum
1071 2100 1090 2118 ··'·'·
1101 2100 1119 2117 ²²
1131 2099 1149 2118 -.·.=
1163 2099 1181 2118 -:.=
1201 2098 1335 2127 traduce-e

750 2141 782 2160 re
793 2134 914 2166 Ligures
933 2134 1072 2164 Apuanos
1090 2129 1217 2160 vellent3
1236 2129 1304 2156 edix

754 2172 842 2194 runt,
868 2165 988 2197 Ligures
1011 2163 1046 2190 ab
1067 2162 1168 2188 Anido
1188 2161 1321 2187 montibu

749 2197 922 2225 descendere
942 2202 1006 2222 cum
1023 2193 1123 2222 liberis
1147 2191 1340 2225 coniugibus-f

749 2237 805 2262 que
817 2237 823 2255 :
836 2229 886 2254 lua
895 2229 994 2255 omnia
1002 2226 1094 2255 secum
1104 2229 1266 2260 portarent.
1283 2225 1335 2251 Li*

754 2267 837 2294 gures
852 2259 923 2294 saepe
932 2266 982 2291 per
992 2256 1253 2291 legatosdeprecati
1266 2272 1275 2284 ‚
1296 2262 1335 2284 ne

755 2295 889 2320 Penates.
907 2292 1002 2318 sedem
1023 2292 1053 2317 in
1066 2289 1223 2323 quagenlti
1231 2288 1334 2319 essent.

753 2325 904 2356 sepulchra
921 2323 1082 2353 majorum,
1101 2326 1277 2354 cogerentur
1286 2327 1335 2347 re-

747 2358 900 2392 linquere,
918 2361 1012 2386 ama.
1033 2354 1146 2384 obfides
1154 2352 1332 2388 polliceban-

1258 2389 1324 2414 tur.
