1414 2655
430 102 651 141 Lrnza
693 111 806 146 xxi.

21 144 95 176 lolam
112 146 205 174 fecere
224 145 333 181 fugam.
349 147 465 176 additus
483 157 599 185 quoque

24 185 118 207 novus
128 176 224 207 terrof
235 181 372 208 Romanis
385 196 393 210 ‚
403 186 436 207 ut
446 181 510 208 suin
518 185 601 219 auxi-

24 210 65 240 }ia
83 210 134 238 sua
155 212 301 238 viderunt.
318 213 421 244 ltaque
439 220 528 245 quum
539 221 598 252 jam

14 241 58 270 'lu
79 243 176 269 orbem
193 248 354 277 pugnarent
365 259 374 271 ‚
390 244 486 270 decem
507 246 599 272 millia

25 272 113 301 firme
131 273 277 302 nominum
295 281 383 311 quum
403 276 461 302 alia
481 278 597 314 evadere

23 305 185 338 nequiffent
202 323 211 335 .
236 306 328 332 media
353 305 493 334 Afrorum
517 315 597 338 acre,

23 342 88 369 qua
112 338 229 364 Gallicis
248 338 367 364 auxiliis
385 338 495 365 firmata
515 346 596 370 erar,
619 343 624 383 i
646 350 691 371 tm

21 374 86 395 eum
104 368 215 401 Ingenti
223 369 296 395 caede
304 369 427 396 hostium
437 378 597 404 perrupere.

21 399 53 428 St
71 406 160 432 quum
178 407 272 433 neque
291 401 322 426 in
339 402 425 436 calita
437 404 547 429 reditus
557 404 599 431 es-

22 429 85 490 set,
106 432 395 459 flumineintercluns
407 449 415 463 ,
435 441 527 467 neque
539 442 597 467 prae

35 463 109 490 mbri
127 463 195 490 satis
213 464 363 490 decernere
388 465 495 497 poflent
516 482 524 494 ‚
542 474 598 498 qua

22 493 44 520 s
58 494 81 520 is
99 501 182 528 opem
192 494 320 525 ferrent,
336 495 506 523 Placentiam
520 501 596 524 recto

24 525 36 553 Ι
63 532 130 553 nere
149 533 303 559 perrexere.
329 527 429 565 Plures
447 529 551 556 deinde
564 532 595 556 in

21 563 436 624 ”ffinffimzi‘ziirif‘sst‘ii‘ssssffl
448 560 599 619 {iii-³332&

21 621 597 690 fflifiies‘iffi3b³1¹i<31¹1¹1¹235122”p¹}‚531‘1}⁰¹¹q⁶.¹1¹-2¹

62 683 121 710 iim
132 691 180 716 per
189 689 268 716 agros
280 683 345 717 fuga
354 686 438 718 spatii
448 692 541 715 erant,
551 695 594 713 ve-

22 689 60 741 52
77 716 102 741 ia
128 715 254 742 cedentis
276 715 423 748 sequentes
447 720 568 756 agminis
587 734 596 748 ,

25 746 49 772 Ρ
77 747 196 774 centiam
215 749 406 774 contendere:
425 750 489 776 aliis
508 757 596 776 timor

21 776 146 810 hostium
170 778 312 805 audaciam
340 781 521 813 ingrediendi
540 782 597 808 flu-

24 815 91 836 men
109 809 177 836 fecit
194 825 205 840 ‚
223 808 440 844 transgressrque
457 814 488 839 in
508 816 596 841 castra

62 846 224 868 rvenerunt.
243 842 333 868 Imber
344 844 410 869 nive
421 845 529 872 mixtus
539 861 546 873 ‚
564 846 594 873 ὃς

38 873 205 900 ntoleranda
223 873 262 899 vis
273 874 391 907 frigoris
401 891 409 903 ‚
427 876 456 902 &
467 877 596 903 homines

27 904 132 932 multos
149 921 159 934 ‚
181 904 210 932 ὃς
226 905 372 941 jumenta,
387 907 416 934 8<
427 909 597 945 elephantos

23 941 233 994 Ρὶἓὲῗιΐῗέἓέ
249 937 596 1009 ἰὲἓῗὲρὲἑὶηῖἧᾞὶἓέῗὲ

22 973 100 1025 ἓυιει
117 998 195 1026 &ita
205 1003 351 1032 torpentes
362 1003 428 1034 gelu
440 1018 448 1032 ,
465 1009 494 1028 ιη
505 1005 592 1029 castra

22 1029 132 1057 redlere
150 1046 160 1060 ‚
184 1036 217 1057 ut
242 1032 292 1057 vix
316 1032 445 1060 laetitiam
466 1035 591 1061 victori-„e

21 1060 172 1089 sentirent.
196 1063 297 1094 ltaque
317 1064 399 1090 nocte
419 1064 594 1098 Insequenti,

44 1099 112 1120 uum
144 1094 302 1126 praeiidium
329 1097 528 1124 Romanorum
552 1105 595 1125 ca-

21 1099 144 1152 aterum
155 1142 163 1155 ‚
178 1126 207 1152 ὃ(
225 1127 304 1158 quod
323 1128 464 1161 reliquum
483 1135 519 1155 ex
538 1137 594 1156 rna-

63 1162 164 1190 aparte
175 1157 299 1184 militum
308 1164 368 1186 erat
379 1176 388 1189 ,
404 1161 512 1197 ratibus
523 1163 594 1188 Tre·

113 1189 277 1220 trajicerent
297 1195 305 1220 3
324 1196 374 1218 aut
392 1193 467 1218 nihil
484 1194 593 1220 iensere

23 1219 126 1250 Pleni,
140 1220 317 1254 obstrepente
335 1223 449 1258 pluvia;
464 1230 514 1251 aut
524 1226 592 1258 quia

36 1256 80 1278 am
107 1253 214 1279 moveri
232 1260 287 1285 prae
306 1254 470 1289 lasti-tudine
490 1258 593 1294 nequi-

81 1286 93 1309 t
110 1289 142 1310 ac
152 1283 314 1311 vulneribus
325 1301 333 1314 ‚
353 1288 458 1312 ientire
466 1287 523 1315 sese
535 1290 592 1315 ‹iii-

24 1313 212 1343 limularunt:
230 1315 393 1350 quietisque
413 1319 512 1346 Poenis
524 1336 532 1349 ‚
549 1326 591 1346 ta-

20 1345 81 1372 tito
106 1347 214 1377 agmine
237 1349 271 1374 ab
297 1349 430 1379 scipione
448 1352 590 1378 exercitus

19 1376 189 1404 Placentiam
197 1379 235 1406 est
244 1380 394 1412 per-duetus
406 1389 412 1406 :
431 1382 499 1409 inde
513 1384 589 1410 Pado

19 1409 153 1440 trajectus
178 1411 345 1438 cremonam
366 1418 374 1442 ;
401 1419 437 1439 ne
462 1415 587 1441 duorum

17 1439 192 1468 exercituum
199 1442 327 1470 hibernis
337 1450 395 1470 una
404 1445 519 1472 colonia
527 1454 589 1480 pre-

49 1504 118 1535 cap.
133 1504 159 1531 L
169 1505 195 1530 V
206 1506 221 1531 1
232 1506 257 1531 1.
276 1506 397 1532 Romam
416 1512 514 1536 tantus
532 1514 588 1536 ter-

16 1540 66 1561 ror
83 1541 118 1560 ex
132 1536 184 1563 hac
191 1537 269 1564 clade
281 1538 404 1570 perlatus
413 1541 452 1566 est
462 1557 470 1568 ‚
489 1547 521 1567 ut
531 1543 588 1571 iarn

18 1566 56 1593 ad
85 1568 182 1594 urbem
210 1569 356 1596 crederent
377 1571 484 1598 infestis
502 1572 588 1605 fignis

16 1596 123 1624 hostem
149 1605 301 1626 venturum
325 1607 334 1632 3
358 1608 411 1629 nec
435 1604 586 1636 quicquam

12 1627 72 1661 spei
91 1631 313 1658 autauxiliiefl‘e
324 1648 332 1662 ,
349 1638 408 1665 quo
436 1635 509 1661 ortis
519 1643 588 1661 nzoe-

15 1659 154 1693 albusque
173 1663 228 1688 vim
237 1669 377 1690 arcerent.
429 1672 464 1690 no
474 1665 586 1696 consule

15 1692 56 1718 aa
75 1691 203 1719 Ticinum
221 1694 300 1720 victo
311 1711 319 1724 ,
337 1696 424 1720 altero
435 1703 470 1724 ex
482 1699 586 1725 Sicilia

13 1728 144 1750 revocato
163 1740 172 1752 ,
189 1725 297 1751 duobus
317 1724 496 1759 confidimns,
516 1732 587 1756 auo-

15 1753 70 1780 hm
90 1752 286 1786 consularibus
306 1758 475 1785 exercitibus
484 1761 583 1792 vicus,

13 1791 84 1818 quos
95 1782 169 1813 alios
177 1788 276 1823 duces-2
296 1794 369 1820 quas
378 1791 456 1816 alias·
467 1792 586 1825 legiones

11 1823 26 1842 e
50 1823 64 1843 e
91 1823 153 1850 quae
182 1816 355 1852 arceffantnr
374 1822 389 1845 ἔ
412 1823 456 1848 Ita
478 1827 586 1852 territis

32 1849 197 1880 emm-onius
216 1851 439 1880 consuladvenir
449 1871 457 1884 ‚
473 1855 585 1889 ingenti

11 1880 140 1913 periculo
162 1887 212 1913 per
231 1881 334 1910 effirsos
353 1885 447 1916 passim
466 1887 503 1913 ad
536 1895 585 1914 1·ae-

12 1909 140 1939 dandum
165 1914 288 1941 hostium
311 1917 419 1948 equites
447 1919 502 1949 (au
525 1921 585 1947 acia

13 1949 56 1968 rna
77 1942 102 1970 {s
117 1950 201 1975 quam
219 1946 395 1974 confilioaut
403 1948 450 1981 spe
464 1949 584 1978 fallendi

12 1980 44 2000 re
56 1974 210 2005 mundive,
226 1977 248 2003 ii
266 1984 325 2004 non
343 1980 475 2012 falleret)
495 1983 584 2009 trans-

12 2005 129 2038 gressus.
153 2008 187 2034 Id
207 2010 286 2040 quod
306 2016 396 2036 unum
413 2014 533 2040 maxime
552 2016 582 2041 ln

13 2036 161 2069 prasentia
185 2039 396 2069 dediderabatur
423 2049 431 2073 ;
457 2046 585 2073 comitiis

9 2067 204 2097 consularibus
219 2071 323 2099 habitis
333 2089 342 2103 ,
353 2074 382 2100 in
392 2074 510 2101 hiberna
520 2078 583 2104 red-

10 2099 58 2126 lit.
83 2101 179 2128 creati
197 2103 324 2131 consules
351 2107 407 2131 Cn.
430 2108 582 2139 Servilius,

9 2131 42 2158 δι
59 2128 94 2157 c.
105 2131 273 2161 Flaminius.
291 2137 432 2164 Caeterum
442 2145 478 2164 ne
489 2140 582 2166 hiber·

9 2168 50 2189 na
73 2164 188 2196 quidem
206 2166 346 2194 Romanis
365 2169 461 2199 quieta
477 2176 559 2198 erant
571 2189 580 2202 ,

0 2195 177 2228 *vagantibus
202 2197 298 2229 panim
316 2199 452 2227 Numidis
473 2203 580 2233 equiti-

0 2226 79 2254 bus,
92 2226 122 2254 se
143 2233 198 2259 qua
215 2228 259 2254 his
278 2231 316 2256 im
338 2231 460 2258 editiora
479 2239 577 2263 erant,

10 2255 170 2294 Celtiberis.
179 2237 389 2294 Luiiraniffiue.
411 2265 514 2290 Omnes
525 2266 577 2297 igi—

11 2291 61 2314 tur
68 2287 152 2316 claun
169 2291 297 2324 undique
307 2299 478 2321 commeatus
486 2303 578 2325 erant,

9 2318 68 2346 nili
85 2320 163 2352 quod
183 2322 261 2349 Pado
280 2331 363 2351 naves
382 2325 580 2355 subveherent.

7 2349 179 2385 ‘maeotium
187 2360 275 2387 prope
285 2356 456 2387 Placentiam
465 2358 523 2388 fuit
532 2376 541 2391 ,
550 2361 580 2391 ὃς

620 244 624 262 Ι

620 288 624 296 r

620 330 624 338 ι

621 275 625 283 ,
646 256 757 277 matura
782 255 926 283 profectus
951 258 1105 287 Annibal,

649 192 756 214 matum
777 191 918 221 praelidio.
934 193 996 224 ejus
1014 194 1121 221 castelli
1132 204 1225 229 oppu-

648 220 757 249 gnandi
778 221 825 253 spe
844 230 907 250 cum
916 225 1060 257 equitibus
1068 234 1100 253 ac
1111 227 1165 253 levi
1176 235 1223 254 ar-

643 281 799 339 }fssurimum
819 286 849 322 in
870 288 990 321 celando
998 266 1226 333 incoeptogglgg

659 314 748 340 ectum
770 314 827 347 sper
850 318 986 346 habuisset
1006 337 1015 352 ‚
1032 321 1117 347 noste
1136 323 1224 349 ador-

702 361 711 374 ,
728 353 787 372 non
811 347 915 375 fefellit
929 352 1037 380 vic-iles.
1054 353 1168 380 Tantus
1178 360 1223 380 re-

619 387 623 413 1
644 383 729 408 pente
748 379 854 405 clamor
872 381 912 407 est
933 380 1059 410 sublatus
1077 401 1086 414 ,
1103 391 1138 412 ut
1159 387 1223 412 1¹12-

620 421 624 435 i

619 439 623 448 ι

643 410 743 434 contine
755 416 872 444 quoque
880 414 1039 441 audiretur.
1059 417 1161 449 Itaque
1171 418 1223 445 sub

645 440 738 467 lucem
759 448 822 468 cum
842 445 973 476 equitatu
986 446 1086 474 consul
1099 450 1197 477 aderat
1211 456 1221 481 ;

645 471 724 502 juliis
750 475 892 505 quadrato
918 479 1030 509 agmine
1058 480 1221 512 legionibus

643 503 734 535 lequi.
773 506 910 537 Equestre
935 511 1068 541 proelium
1099 513 1220 540 interim

646 535 819 563 commissum
843 546 850 563 .·
869 540 900 565 in
920 546 979 572 quo
999 559 1008 571 ,
1025 543 1093 575 quia
1111 543 1222 572 saucius

645 568 772 593 Annibal
796 576 890 603 pugna
907 574 1036 603 excellit,
1054 581 1156 606 pavore
1166 577 1221 603 ho-

643 598 729 625 stibus
741 600 858 631 injecto,
870 602 1017 631 defensum
1028 607 1139 639 egregie
1147 614 1221 640 prae-

644 630 747 656 fidium
765 633 814 659 est.
841 634 997 662 Paucorum
1019 638 1087 664 inde
1106 639 1221 666 dierum

642 661 741 692 quiere
759 663 869 697 sumpta
879 682 888 696 ‚
904 666 934 693 δε
945 669 993 694 vix
1003 669 1071 694 dum
1081 669 1147 696 satis
1158 677 1224 703 per-

641 699 741 720 curato
758 696 877 722 vulnere
894 713 901 725 ‚
928 700 964 725 ad
985 701 1159 728 Vic'tumvias
1176 704 1221 738 ire

643 726 737 757 pergit
759 730 973 759 oppugnandas.
988 733 1023 758 Id
1033 733 1192 764 emporium
1203 743 1220 762 a

646 757 784 785 Romanis
803 761 915 787 Gallico
934 762 1009 789 bello
1019 762 1114 791 fuerat
1123 766 1221 792 muni-

644 792 715 814 tum.
745 790 813 816 inde
840 793 935 818 locum
961 794 1217 826 frequentaverant

643 821 742 846 accolae
775 823 860 850 mixti
889 826 1020 858 undique
1054 834 1089 853 ex
1124 828 1219 856 finiti-

643 851 695 878 mis
717 854 830 884 populis
840 862 856 885 ,·
873 856 902 883 8<
922 862 983 883 turn
1005 864 1100 885 terror
1126 868 1220 893 popu-

644 883 784 910 lationum
795 893 828 911 eo
845 888 994 921 pleroique
1010 895 1045 916 ex
1057 891 1130 924 agris
1139 899 1218 919 com-

644 916 765 945 pulerat.
784 918 879 948 Hujus
924 922 1016 947 eneris
1035 923 1218 955 multitudo,

641 945 716 973 fama
741 949 862 984 impigre
905 951 1001 987 .efens1
1028 955 1064 980 ad
1102 955 1219 982 Placen-

642 978 710 1004 tiam
723 982 844 1011 praeirdii
855 986 969 1010 accenia
980 1002 988 1014 ‚
1000 985 1085 1012 armis
1095 988 1219 1020 arreptis

644 1009 755 1036 obviam
782 1014 923 1040 Annibali
947 1018 1088 1048 procedit.
1123 1020 1218 1052 Magis

642 1042 753 1072 agmina
771 1051 854 1076 quam
874 1046 946 1072 acies
965 1048 994 1073 in
1006 1049 1050 1075 via
1062 1056 1217 1077 concurre-

642 1078 713 1100 runt
727 1080 735 1103 ;
752 1075 780 1102 8<
801 1083 890 1108 quum
901 1083 936 1103 ex
945 1079 1033 1106 altera
1043 1083 1217 1116 partenihi1‚

642 1110 745 1135 praeter
764 1107 942 1135 inconditam
956 1112 1067 1138 turbam
1077 1113 1144 1140 eflet
1157 1119 1164 1144 ·,
1181 1115 1217 1142 in

640 1136 730 1163 altera
748 1139 776 1165 Sc
799 1140 859 1165 dux
879 1141 986 1172 militi,
1003 1143 1106 1171 &duci
1119 1144 1216 1172 fidens

639 1168 717 1194 miles
728 1175 736 1199 3
754 1171 790 1205 ad
800 1172 918 1205 triginta
928 1176 1056 1207 quinque
1064 1176 1155 1203 millia
1166 1178 1220 1204 ho·

642 1200 750 1226 minum
760 1209 775 1227 a
804 1205 883 1229 aucis
893 1204 966 1231 fusa.
984 1206 1102 1233 Postero
1110 1209 1158 1235 die
1168 1209 1219 1236 de-

639 1231 752 1258 ditio-ne
786 1235 843 1260 acta
854 1251 862 1264 ‚
878 1238 1038 1271 praefidium
1057 1239 1133 1266 intra
1143 1247 1216 1266 moe-

642 1264 690 1289 nia
706 1270 836 1296 accepere
849 1274 855 1289 .-
875 1268 941 1297 ‚usn
962 1276 998 1295 ue
1011 1276 1088 1296 arma
1099 1272 1213 1298 tradere

638 1301 728 1326 quum
748 1297 827 1323 disto
844 1300 923 1329 parui
947 1306 997 1327 ent
1015 1317 1023 1331 ,
1039 1302 1152 1336 {ignum
1173 1309 1218 1330 re-

640 1332 727 1358 pente
748 1329 903 1357 victoribus
912 1333 1017 1361 datur,
1033 1340 1067 1360 ut
1078 1340 1214 1367 tanquam

638 1358 666 1383 vi
688 1364 796 1391 captam
815 1362 913 1388 urbem
933 1364 1102 1397 diriperent.
1119 1373 1214 1401 neque

638 1389 698 1415 ulla
716 1397 780 1422 quae
798 1393 828 1418 in
842 1394 891 1419 tali
905 1401 935 1420 rc
945 1397 1137 1424 memorabilis
1145 1399 1216 1426 scri-

637 1421 770 1448 bentibus
779 1423 869 1450 videri
883 1425 1142 1458 solenni-aetenum}
1154 1431 1215 1456 cla-

636 1452 684 1478 des
692 1454 738 1478 est:
753 1455 823 1480 adeo
835 1458 927 1482 omnis
937 1457 1077 1488 libidinis,
1088 1462 1216 1489 crudeli-

636 1483 759 1516 tatisque
770 1501 778 1513 ,
793 1486 822 1513 8(
833 1487 993 1515 inhumanae
1004 1490 1141 1522 superbiae
1151 1495 1213 1520 edi-

635 1520 694 1541 tum
705 1517 735 1542 in
746 1518 863 1545 miieros
871 1520 910 1546 est
919 1523 1143 1554 exemplum-Hae
1153 1524 1218 1552 fue·

636 1552 667 1572 re
678 1547 755 1574 biber
761 1555 802 1574 nae
822 1553 1022 1583 expeditiones
1030 1556 1194 1584 Annibalis.

671 1579 743 1611 Cap.
762 1581 788 1606 L
802 1582 827 1606 V
839 1583 853 1607 1
865 1584 877 1608 1
889 1584 914 1609 Ι.
939 1585 1023 1612 Haud
1036 1586 1084 1612 lon
1106 1587 1211 1616 isinde

636 1613 811 1644 temporibus
828 1628 837 1641 ‚
855 1614 923 1640 dum
942 1616 1092 1644 intolerabi
1109 1619 1135 1645 ia
1156 1620 1212 1647 fri-

635 1648 704 1673 gora
714 1649 796 1670 erant
807 1660 815 1672 ‚
833 1647 913 1676 quies
923 1648 1011 1675 militi
1022 1650 1089 1676 data
1101 1652 1158 1678 est:
1174 1653 1208 1680 Sc

634 1674 670 1700 ad
694 1675 783 1706 prima
798 1681 831 1703 ac
850 1678 936 1704 dubia
947 1680 1025 1712 figna
1036 1682 1107 1708 veris
1116 1684 1212 1715 profe-

634 1705 696 1732 ctus
706 1713 741 1732 ex
752 1707 879 1734 hibernis
888 1725 897 1738 ‚
910 1711 941 1736 in
952 1712 1096 1738 Etruriam
1107 1715 1188 1741 ducit
1199 1720 1210 1747 ς

634 1742 695 1762 eam
725 1744 950 1772 noquegentem,
966 1743 1037 1769 ficut
1048 1745 1150 1772 Gallos
1159 1747 1212 1773 Li-

632 1775 702 1799 gure
718 1776 783 1800 que,
793 1776 843 1797 aut
854 1773 880 1798 vi
888 1778 939 1799 aut
947 1775 1099 1802 voluntate
1107 1778 1213 1808 adiun-

633 1800 740 1827 eturus.
767 1802 974 1831 ‘transeuntem
1000 1809 1208 1839 Appenninum

631 1831 702 1857 adeo
719 1836 803 1858 atrox
822 1835 923 1861 adorta
942 1840 1087 1870 tempestas
1099 1840 1157 1870 est,
1175 1846 1211 1868 ut

634 1863 752 1896 Alpium
774 1864 934 1893 foeditatem
955 1875 1042 1901 prope
1060 1870 1211 1903 inperare·

634 1895 683 1920 rit.
714 1895 811 1921 Vento
827 1899 939 1932 rnixtus
952 1901 1040 1927 imber
1051 1908 1139 1934 quum
1151 1904 1210 1930 fer-

634 1931 715 1952 retur
733 1927 764 1952 in
785 1928 845 1957 ipla
855 1936 926 1961 ora3
943 1932 1037 1964 primo
1051 1949 1059 1961 ‚
1075 1935 1146 1967 quia
1155 1941 1209 1964 aut

631 1963 707 1982 arma
727 1959 887 1987 omittenda
904 1968 987 1989 erant
1006 1980 1015 1992 ,
1034 1970 1084 1991 aut
1105 1972 1209 1995 contra

632 1987 774 2016 enitentes
791 1993 901 2019 vortice
922 1993 1026 2021 intorti
1043 1997 1208 2030 affligeban-

632 2025 690 2049 tur,
706 2022 873 2048 coniiitere·
894 2025 972 2055 dein,
985 2033 1072 2058 quum
1084 2035 1141 2058 jam
1152 2030 1211 2061 spi-

631 2052 721 2077 rltum
738 2052 954 2086 intercluderet,
966 2064 1018 2084 nec
1033 2061 1211 2091 reciprocare

631 2083 752 2110 animam
769 2085 892 2115 sineret,
910 2089 996 2114 aversi
1016 2087 1033 2115 ὲ
1054 2097 1139 2118 vento
1156 2100 1205 2125 pa·

633 2120 746 2145 rumper
763 2117 925 2144 consedere.
943 2121 1018 2146 Tum
1030 2128 1097 2149 vero
1107 2124 1211 2155 ingen-

632 2145 655 2171 ti
666 2144 737 2172 sono
746 2148 849 2174 coelum
860 2150 980 2181 strepere
991 2168 998 2180 ‚
1008 2152 1126 2180 &inter
1137 2156 1208 2181 hor-

632 2177 736 2213 rendos
755 2178 882 2212 fragores
900 2183 1002 2209 micare
1021 2185 1112 2216 ignes.
1127 2189 1205 2220 capti

636 2208 751 2235 auribus
761 2210 790 2237 ’ἐς
800 2212 899 2240 oculis,
911 2219 991 2241 metu
1002 2222 1101 2243 omnes
1111 2222 1207 2250 torpe·

631 2246 672 2265 rc.
690 2241 819 2268 Tandem
839 2243 929 2270 effirso
940 2246 1029 2273 imbre
1041 2263 1050 2275 ‚
1069 2254 1157 2281 quum
1168 2256 1205 2277 eo

631 2272 716 2303 magis
734 2273 848 2300 accensa
858 2276 899 2301 vis
907 2278 984 2303 venti
995 2278 1060 2305 effet
1071 2295 1079 2307 ‚
1095 2280 1158 2313 ipso
1168 2282 1207 2308 il·

632 2302 661 2327 lo
672 2318 678 2329 ‚
692 2309 751 2335 quo
761 2306 927 2340 ‹lepre-henli
938 2315 1028 2337 erant7
1041 2310 1106 2337 loco
1113 2312 1204 2340 castra

631 2339 735 2364 ponere
754 2337 934 2365 neceiiarium
951 2340 1040 2367 visum
1050 2343 1099 2369 est.
1117 2344 1149 2370 ld
1161 2351 1207 2371 ve-

630 2371 665 2393 ro
685 2366 792 2396 laboris
810 2369 889 2397 velut
907 2371 943 2397 de
958 2373 1072 2408 integro
1083 2374 1205 2403 initium

612 2415 628 2432 ,
894 2402 930 2432 ΔΙ
1139 2408 1199 2437 suit
