<?xml version="1.0" encoding="UTF-8"?>
<!DOCTYPE html PUBLIC "-//W3C//DTD XHTML 1.0 Transitional//EN"
    "http://www.w3.org/TR/xhtml1/DTD/xhtml1-transitional.dtd">
<html xmlns="http://www.w3.org/1999/xhtml" xml:lang="en" lang="en">
 <head>
  <title>
</title>
<meta http-equiv="Content-Type" content="text/html;charset=utf-8" />
  <meta name='ocr-system' content='tesseract 3.04.00' />
  <meta name='ocr-capabilities' content='ocr_page ocr_carea ocr_par ocr_line ocrx_word'/>
</head>
<body>
  <div class='ocr_page' id='page_1' title='image "./titiliviihistori00livy_0677.png"; bbox 0 0 1414 2655; ppageno 0'>
   <div class='ocr_carea' id='block_1_1' title="bbox 453 110 1242 154">
    <p class='ocr_par' dir='ltr' id='par_1_1' title="bbox 453 110 1242 154">
     <span class='ocr_line' id='line_1_1' title="bbox 453 110 1242 154; baseline 0.001 -10"><span class='ocrx_word' id='word_1_1' title='bbox 453 110 803 145; x_wconf 70' lang='lat' dir='ltr'>Ltnzn&#39;XL.</span> <span class='ocrx_word' id='word_1_2' title='bbox 1171 112 1242 154; x_wconf 72' lang='lat'>671‘</span> 
     </span>
    </p>
   </div>
   <div class='ocr_carea' id='block_1_2' title="bbox 35 153 1252 479">
    <p class='ocr_par' dir='ltr' id='par_1_2' title="bbox 35 153 1252 479">
     <span class='ocr_line' id='line_1_2' title="bbox 35 153 1248 190; baseline 0 -7"><span class='ocrx_word' id='word_1_3' title='bbox 35 154 119 190; x_wconf 75' lang='lat' dir='ltr'>quod</span> <span class='ocrx_word' id='word_1_4' title='bbox 129 153 240 184; x_wconf 79' lang='lat' dir='ltr'>diversa</span> <span class='ocrx_word' id='word_1_5' title='bbox 251 154 328 183; x_wconf 85' lang='lat' dir='ltr'>inter</span> <span class='ocrx_word' id='word_1_6' title='bbox 340 154 368 181; x_wconf 89' lang='lat' dir='ltr'>se</span> <span class='ocrx_word' id='word_1_7' title='bbox 377 155 465 182; x_wconf 84' lang='lat' dir='ltr'>maria</span> <span class='ocrx_word' id='word_1_8' title='bbox 477 155 619 185; x_wconf 70' lang='lat' dir='ltr'>,montess</span> <span class='ocrx_word' id='word_1_9' title='bbox 635 162 641 187; x_wconf 65' lang='lat' dir='ltr'><em>z</em></span> <span class='ocrx_word' id='word_1_10' title='bbox 665 161 819 183; x_wconf 84' lang='lat' dir='ltr'>venerunt.</span> <span class='ocrx_word' id='word_1_11' title='bbox 837 155 888 189; x_wconf 81' lang='lat' dir='ltr'>qui</span> <span class='ocrx_word' id='word_1_12' title='bbox 901 172 910 186; x_wconf 91' lang='lat'>‚</span> <span class='ocrx_word' id='word_1_13' title='bbox 926 154 1011 189; x_wconf 78' lang='lat' dir='ltr'>supet</span> <span class='ocrx_word' id='word_1_14' title='bbox 1020 156 1120 183; x_wconf 64' lang='lat' dir='ltr'>caetem</span> <span class='ocrx_word' id='word_1_15' title='bbox 1127 154 1248 187; x_wconf 78' lang='lat' dir='ltr'>scelera.</span> 
     </span>
     <span class='ocr_line' id='line_1_3' title="bbox 40 188 1246 221; baseline 0.001 -7"><span class='ocrx_word' id='word_1_16' title='bbox 40 196 99 220; x_wconf 79' lang='lat' dir='ltr'>que</span> <span class='ocrx_word' id='word_1_17' title='bbox 111 204 120 217; x_wconf 77' lang='lat'>‚</span> <span class='ocrx_word' id='word_1_18' title='bbox 141 189 169 216; x_wconf 74' lang='lat'>8&lt;</span> <span class='ocrx_word' id='word_1_19' title='bbox 180 194 287 216; x_wconf 77' lang='lat' dir='ltr'>amnes,</span> <span class='ocrx_word' id='word_1_20' title='bbox 297 194 333 213; x_wconf 83' lang='lat' dir='ltr'>ex</span> <span class='ocrx_word' id='word_1_21' title='bbox 345 194 406 214; x_wconf 90' lang='lat' dir='ltr'>uno</span> <span class='ocrx_word' id='word_1_22' title='bbox 417 189 483 215; x_wconf 86' lang='lat' dir='ltr'>loco</span> <span class='ocrx_word' id='word_1_23' title='bbox 493 188 618 219; x_wconf 79' lang='lat' dir='ltr'>conspici</span> <span class='ocrx_word' id='word_1_24' title='bbox 637 200 640 220; x_wconf 73' lang='lat'>1</span> <span class='ocrx_word' id='word_1_25' title='bbox 670 189 754 215; x_wconf 78' lang='lat' dir='ltr'>fallas</span> <span class='ocrx_word' id='word_1_26' title='bbox 772 190 857 214; x_wconf 80' lang='lat' dir='ltr'>etiam</span> <span class='ocrx_word' id='word_1_27' title='bbox 879 189 977 215; x_wconf 79' lang='lat' dir='ltr'>literas</span> <span class='ocrx_word' id='word_1_28' title='bbox 985 188 1066 221; x_wconf 78' lang='lat' dir='ltr'>signo</span> <span class='ocrx_word' id='word_1_29' title='bbox 1074 188 1246 215; x_wconf 79' lang='lat' dir='ltr'>adulterino</span> 
     </span>
     <span class='ocr_line' id='line_1_4' title="bbox 42 220 1248 256; baseline -0.002 -10"><span class='ocrx_word' id='word_1_30' title='bbox 42 223 205 253; x_wconf 88' lang='lat' dir='ltr'>potuerint.</span> <span class='ocrx_word' id='word_1_31' title='bbox 232 220 340 247; x_wconf 79' lang='lat' dir='ltr'>vexati</span> <span class='ocrx_word' id='word_1_32' title='bbox 357 226 458 246; x_wconf 87' lang='lat' dir='ltr'>omnes</span> <span class='ocrx_word' id='word_1_33' title='bbox 475 236 483 249; x_wconf 88' lang='lat'>‚</span> <span class='ocrx_word' id='word_1_34' title='bbox 504 220 533 247; x_wconf 78' lang='lat'>8&lt;</span> <span class='ocrx_word' id='word_1_35' title='bbox 551 225 620 246; x_wconf 88' lang='lat' dir='ltr'>ante</span> <span class='ocrx_word' id='word_1_36' title='bbox 638 241 641 256; x_wconf 68' lang='grc'>,</span> <span class='ocrx_word' id='word_1_37' title='bbox 665 222 704 247; x_wconf 85' lang='lat' dir='ltr'>T.</span> <span class='ocrx_word' id='word_1_38' title='bbox 722 222 841 253; x_wconf 87' lang='lat' dir='ltr'>Quintii</span> <span class='ocrx_word' id='word_1_39' title='bbox 861 221 984 253; x_wconf 76' lang='lat' dir='ltr'>signatas</span> <span class='ocrx_word' id='word_1_40' title='bbox 994 220 1187 247; x_wconf 85' lang='lat' dir='ltr'>reddiderunt</span> <span class='ocrx_word' id='word_1_41' title='bbox 1199 226 1248 245; x_wconf 84' lang='lat' dir='ltr'>re-</span> 
     </span>
     <span class='ocr_line' id='line_1_5' title="bbox 39 251 1247 286; baseline 0 -8"><span class='ocrx_word' id='word_1_42' title='bbox 39 253 114 279; x_wconf 79' lang='lat' dir='ltr'>alios</span> <span class='ocrx_word' id='word_1_43' title='bbox 125 259 175 278; x_wconf 79' lang='lat' dir='ltr'>rex</span> <span class='ocrx_word' id='word_1_44' title='bbox 186 251 255 284; x_wconf 81' lang='lat' dir='ltr'>ipse,</span> <span class='ocrx_word' id='word_1_45' title='bbox 265 259 323 283; x_wconf 82' lang='lat' dir='ltr'>quo</span> <span class='ocrx_word' id='word_1_46' title='bbox 354 253 448 278; x_wconf 86' lang='lat' dir='ltr'>ravior</span> <span class='ocrx_word' id='word_1_47' title='bbox 459 258 541 278; x_wconf 75' lang='lat' dir='ltr'>aetate</span> <span class='ocrx_word' id='word_1_48' title='bbox 551 257 622 282; x_wconf 85' lang='lat' dir='ltr'>erat,</span> <span class='ocrx_word' id='word_1_49' title='bbox 638 258 641 286; x_wconf 66' lang='grc' dir='ltr'><strong>ς</strong></span> <span class='ocrx_word' id='word_1_50' title='bbox 663 254 704 285; x_wconf 73' lang='lat' dir='ltr'>gi.</span> <span class='ocrx_word' id='word_1_51' title='bbox 717 254 886 279; x_wconf 78' lang='lat' dir='ltr'>Deprecatio</span> <span class='ocrx_word' id='word_1_52' title='bbox 897 258 958 279; x_wconf 78' lang='lat' dir='ltr'>erat</span> <span class='ocrx_word' id='word_1_53' title='bbox 970 254 1000 278; x_wconf 89' lang='lat' dir='ltr'>in</span> <span class='ocrx_word' id='word_1_54' title='bbox 1014 252 1117 278; x_wconf 83' lang='lat' dir='ltr'>literis.</span> <span class='ocrx_word' id='word_1_55' title='bbox 1129 252 1163 278; x_wconf 86' lang='lat' dir='ltr'>Si</span> <span class='ocrx_word' id='word_1_56' title='bbox 1171 251 1247 283; x_wconf 72' lang='lat' dir='ltr'>quia</span> 
     </span>
     <span class='ocr_line' id='line_1_6' title="bbox 42 281 1246 317; baseline -0.002 -6"><span class='ocrx_word' id='word_1_57' title='bbox 42 283 218 311; x_wconf 77' lang='lat' dir='ltr'>difficultate</span> <span class='ocrx_word' id='word_1_58' title='bbox 239 284 289 309; x_wconf 80' lang='lat' dir='ltr'>viae</span> <span class='ocrx_word' id='word_1_59' title='bbox 307 287 334 309; x_wconf 77' lang='lat' dir='ltr'>el</span> <span class='ocrx_word' id='word_1_60' title='bbox 350 302 357 308; x_wconf 88' lang='lat'><strong>.</strong></span> <span class='ocrx_word' id='word_1_61' title='bbox 381 284 500 309; x_wconf 84' lang='lat' dir='ltr'>Duabus</span> <span class='ocrx_word' id='word_1_62' title='bbox 511 284 619 310; x_wconf 82' lang='lat' dir='ltr'>arisibi</span> <span class='ocrx_word' id='word_1_63' title='bbox 638 295 640 312; x_wconf 74' lang='grc' dir='ltr'><strong>ς</strong></span> <span class='ocrx_word' id='word_1_64' title='bbox 663 283 826 317; x_wconf 81' lang='lat' dir='ltr'><em>adolescens</em></span> <span class='ocrx_word' id='word_1_65' title='bbox 842 284 998 316; x_wconf 76' lang='lat' dir='ltr'>cupiditate</span> <span class='ocrx_word' id='word_1_66' title='bbox 1006 281 1246 317; x_wconf 75' lang='lat' dir='ltr'>regniprolapsm·</span> 
     </span>
     <span class='ocr_line' id='line_1_7' title="bbox 40 313 1252 350; baseline -0.001 -8"><span class='ocrx_word' id='word_1_67' title='bbox 40 316 109 349; x_wconf 87' lang='lat' dir='ltr'>Jovi</span> <span class='ocrx_word' id='word_1_68' title='bbox 128 317 156 343; x_wconf 75' lang='grc' dir='ltr'>ὃ(</span> <span class='ocrx_word' id='word_1_69' title='bbox 174 316 233 342; x_wconf 82' lang='lat' dir='ltr'>soli</span> <span class='ocrx_word' id='word_1_70' title='bbox 252 314 367 342; x_wconf 72' lang='lat' dir='ltr'>sacraris</span> <span class='ocrx_word' id='word_1_71' title='bbox 376 323 463 345; x_wconf 76' lang='lat' dir='ltr'>ouum</span> <span class='ocrx_word' id='word_1_72' title='bbox 477 315 620 342; x_wconf 87' lang='lat' dir='ltr'>immolas·</span> <span class='ocrx_word' id='word_1_73' title='bbox 638 339 640 350; x_wconf 33' lang='lat'><em>*</em></span> <span class='ocrx_word' id='word_1_74' title='bbox 654 316 753 349; x_wconf 75' lang='lat' dir='ltr'>ficum</span> <span class='ocrx_word' id='word_1_75' title='bbox 762 313 865 350; x_wconf 63' lang='lat' dir='ltr'>‘’gl&#39;ffl&#39;lv</span> <span class='ocrx_word' id='word_1_76' title='bbox 875 316 953 342; x_wconf 82' lang='lat' dir='ltr'>nihil</span> <span class='ocrx_word' id='word_1_77' title='bbox 963 322 1024 349; x_wconf 74' lang='lat' dir='ltr'>eum</span> <span class='ocrx_word' id='word_1_78' title='bbox 1033 313 1175 347; x_wconf 69' lang='lat' dir='ltr'>adversm</span> <span class='ocrx_word' id='word_1_79' title='bbox 1177 314 1252 348; x_wconf 74' lang='lat' dir='ltr'>fita-</span> 
     </span>
     <span class='ocr_line' id='line_1_8' title="bbox 41 345 1249 382; baseline -0.001 -9"><span class='ocrx_word' id='word_1_80' title='bbox 41 347 83 374; x_wconf 77' lang='lat' dir='ltr'>iet</span> <span class='ocrx_word' id='word_1_81' title='bbox 95 364 103 377; x_wconf 84' lang='lat'>‚</span> <span class='ocrx_word' id='word_1_82' title='bbox 123 354 178 379; x_wconf 82' lang='lat' dir='ltr'>qua</span> <span class='ocrx_word' id='word_1_83' title='bbox 198 347 298 374; x_wconf 88' lang='lat' dir='ltr'>triduo</span> <span class='ocrx_word' id='word_1_84' title='bbox 307 348 471 374; x_wconf 81' lang='lat' dir='ltr'>ascenderat</span> <span class='ocrx_word' id='word_1_85' title='bbox 481 347 570 374; x_wconf 80' lang='lat' dir='ltr'>biduo</span> <span class='ocrx_word' id='word_1_86' title='bbox 581 347 621 373; x_wconf 83' lang='lat' dir='ltr'>est</span> <span class='ocrx_word' id='word_1_87' title='bbox 637 359 641 381; x_wconf 52' lang='grc' dir='ltr'><strong>ρ</strong></span> <span class='ocrx_word' id='word_1_88' title='bbox 664 355 729 374; x_wconf 84' lang='lat' dir='ltr'>rum</span> <span class='ocrx_word' id='word_1_89' title='bbox 755 354 927 382; x_wconf 79' lang='lat' dir='ltr'>quemquam</span> <span class='ocrx_word' id='word_1_90' title='bbox 946 345 1100 380; x_wconf 66' lang='lat' dir='ltr'>sal-iurum</span> <span class='ocrx_word' id='word_1_91' title='bbox 1121 355 1131 372; x_wconf 86' lang='lat'>.·</span> <span class='ocrx_word' id='word_1_92' title='bbox 1156 353 1249 381; x_wconf 78' lang='lat' dir='ltr'>neque</span> 
     </span>
     <span class='ocr_line' id='line_1_9' title="bbox 42 377 1248 413; baseline -0.002 -7"><span class='ocrx_word' id='word_1_93' title='bbox 42 379 185 412; x_wconf 71' lang='lat' dir='ltr'>degressus</span> <span class='ocrx_word' id='word_1_94' title='bbox 197 396 204 410; x_wconf 94' lang='lat'>‚</span> <span class='ocrx_word' id='word_1_95' title='bbox 221 378 329 412; x_wconf 76' lang='lat' dir='ltr'>frigora</span> <span class='ocrx_word' id='word_1_96' title='bbox 344 380 486 406; x_wconf 59' lang='lat' dir='ltr'>nocturna</span> <span class='ocrx_word' id='word_1_97' title='bbox 496 380 619 405; x_wconf 83' lang='lat' dir='ltr'>maxime</span> <span class='ocrx_word' id='word_1_98' title='bbox 638 386 641 412; x_wconf 70' lang='lat'>1</span> <span class='ocrx_word' id='word_1_99' title='bbox 663 377 851 413; x_wconf 61' lang='lat' dir='ltr'>eumsqsetffi</span> <span class='ocrx_word' id='word_1_100' title='bbox 864 397 871 409; x_wconf 90' lang='lat'>‚</span> <span class='ocrx_word' id='word_1_101' title='bbox 891 379 1046 412; x_wconf 72' lang='lat' dir='ltr'>quiuuim</span> <span class='ocrx_word' id='word_1_102' title='bbox 1054 378 1139 411; x_wconf 80' lang='lat' dir='ltr'>impii</span> <span class='ocrx_word' id='word_1_103' title='bbox 1159 380 1248 411; x_wconf 87' lang='lat' dir='ltr'>cons-</span> 
     </span>
     <span class='ocr_line' id='line_1_10' title="bbox 43 409 1245 445; baseline 0 -8"><span class='ocrx_word' id='word_1_104' title='bbox 43 417 175 439; x_wconf 82' lang='lat' dir='ltr'>metuens</span> <span class='ocrx_word' id='word_1_105' title='bbox 187 428 195 440; x_wconf 83' lang='lat'><strong>‚</strong></span> <span class='ocrx_word' id='word_1_106' title='bbox 219 418 280 443; x_wconf 77' lang='lat' dir='ltr'>quae</span> <span class='ocrx_word' id='word_1_107' title='bbox 293 412 427 437; x_wconf 64' lang='lat' dir='ltr'>caniculae</span> <span class='ocrx_word' id='word_1_108' title='bbox 439 416 507 437; x_wconf 87' lang='lat' dir='ltr'>ortu</span> <span class='ocrx_word' id='word_1_109' title='bbox 517 411 640 437; x_wconf 72' lang='lat' dir='ltr'>similia:</span> <span class='ocrx_word' id='word_1_110' title='bbox 663 412 701 438; x_wconf 73' lang='lat' dir='ltr'>lii</span> <span class='ocrx_word' id='word_1_111' title='bbox 720 412 821 438; x_wconf 58' lang='lat' dir='ltr'>trucior</span> <span class='ocrx_word' id='word_1_112' title='bbox 832 410 960 445; x_wconf 80' lang='lat' dir='ltr'>futurm</span> <span class='ocrx_word' id='word_1_113' title='bbox 979 409 1170 443; x_wconf 64' lang='lat' dir='ltr'>wideripoflit.</span> <span class='ocrx_word' id='word_1_114' title='bbox 1190 413 1245 437; x_wconf 76' lang='lat' dir='ltr'>Hae</span> 
     </span>
     <span class='ocr_line' id='line_1_11' title="bbox 41 440 1250 479; baseline 0.001 -10"><span class='ocrx_word' id='word_1_115' title='bbox 41 443 220 469; x_wconf 80' lang='lat' dir='ltr'>brumalibus</span> <span class='ocrx_word' id='word_1_116' title='bbox 240 449 333 469; x_wconf 86' lang='lat' dir='ltr'>erant.</span> <span class='ocrx_word' id='word_1_117' title='bbox 371 443 475 469; x_wconf 90' lang='lat' dir='ltr'>Multis</span> <span class='ocrx_word' id='word_1_118' title='bbox 496 450 545 474; x_wconf 88' lang='lat' dir='ltr'>per</span> <span class='ocrx_word' id='word_1_119' title='bbox 566 449 615 469; x_wconf 89' lang='lat' dir='ltr'>eos</span> <span class='ocrx_word' id='word_1_120' title='bbox 636 440 642 479; x_wconf 67' lang='grc' dir='ltr'>ί</span> <span class='ocrx_word' id='word_1_121' title='bbox 661 446 754 471; x_wconf 82' lang='lat' dir='ltr'>literae</span> <span class='ocrx_word' id='word_1_122' title='bbox 771 445 859 471; x_wconf 86' lang='lat' dir='ltr'>fidem</span> <span class='ocrx_word' id='word_1_123' title='bbox 880 442 972 470; x_wconf 88' lang='lat' dir='ltr'>Persei</span> <span class='ocrx_word' id='word_1_124' title='bbox 991 443 1164 469; x_wconf 79' lang='lat' dir='ltr'>criminibus</span> <span class='ocrx_word' id='word_1_125' title='bbox 1174 442 1250 470; x_wconf 86' lang='lat' dir='ltr'>fece-</span> 
     </span>
    </p>
   </div>
   <div class='ocr_carea' id='block_1_3' title="bbox 41 475 1251 539">
    <p class='ocr_par' dir='ltr' id='par_1_3' title="bbox 41 475 1251 539">
     <span class='ocr_line' id='line_1_12' title="bbox 41 475 1251 507; baseline 0 -7"><span class='ocrx_word' id='word_1_126' title='bbox 41 475 103 501; x_wconf 84' lang='lat' dir='ltr'>dies</span> <span class='ocrx_word' id='word_1_127' title='bbox 121 475 555 503; x_wconf 65' lang='lat' dir='ltr'>difficultatibusconflictatus,</span> <span class='ocrx_word' id='word_1_128' title='bbox 574 476 621 500; x_wconf 87' lang='lat' dir='ltr'>ni-</span> <span class='ocrx_word' id='word_1_129' title='bbox 637 482 641 504; x_wconf 63' lang='grc' dir='ltr'><strong>ς</strong></span> <span class='ocrx_word' id='word_1_130' title='bbox 662 482 744 503; x_wconf 89' lang='lat' dir='ltr'>runt.</span> <span class='ocrx_word' id='word_1_131' title='bbox 771 478 874 507; x_wconf 87' lang='lat' dir='ltr'>Itaque</span> <span class='ocrx_word' id='word_1_132' title='bbox 893 475 1060 502; x_wconf 81' lang='lat' dir='ltr'>Herodotus</span> <span class='ocrx_word' id='word_1_133' title='bbox 1078 475 1227 505; x_wconf 82' lang='lat' dir='ltr'>extemplo</span> <span class='ocrx_word' id='word_1_134' title='bbox 1239 490 1251 505; x_wconf 82' lang='lat'><em>.</em></span> 
     </span>
     <span class='ocr_line' id='line_1_13' title="bbox 41 506 1248 539; baseline 0.002 -7"><span class='ocrx_word' id='word_1_135' title='bbox 41 506 105 533; x_wconf 87' lang='lat' dir='ltr'>hilo</span> <span class='ocrx_word' id='word_1_136' title='bbox 127 507 240 533; x_wconf 65' lang='lat' dir='ltr'>laetiora</span> <span class='ocrx_word' id='word_1_137' title='bbox 259 507 290 532; x_wconf 88' lang='lat' dir='ltr'>in</span> <span class='ocrx_word' id='word_1_138' title='bbox 308 506 525 533; x_wconf 83' lang='lat' dir='ltr'>castrisinvenit</span> <span class='ocrx_word' id='word_1_139' title='bbox 541 515 546 530; x_wconf 73' lang='grc' dir='ltr'><em>τ</em></span> <span class='ocrx_word' id='word_1_140' title='bbox 567 507 619 533; x_wconf 87' lang='lat' dir='ltr'>ubi</span> <span class='ocrx_word' id='word_1_141' title='bbox 637 512 640 539; x_wconf 81' lang='grc'><strong><em>;</em></strong></span> <span class='ocrx_word' id='word_1_142' title='bbox 663 509 714 534; x_wconf 91' lang='lat' dir='ltr'>diu</span> <span class='ocrx_word' id='word_1_143' title='bbox 733 508 914 534; x_wconf 79' lang='lat' dir='ltr'>excruciatus</span> <span class='ocrx_word' id='word_1_144' title='bbox 926 524 934 536; x_wconf 86' lang='lat'><strong><em>‚</em></strong></span> <span class='ocrx_word' id='word_1_145' title='bbox 953 506 1013 532; x_wconf 83' lang='lat' dir='ltr'>fine</span> <span class='ocrx_word' id='word_1_146' title='bbox 1024 506 1134 533; x_wconf 86' lang='lat' dir='ltr'>indicio</span> <span class='ocrx_word' id='word_1_147' title='bbox 1144 508 1186 533; x_wconf 86' lang='lat' dir='ltr'>rei</span> <span class='ocrx_word' id='word_1_148' title='bbox 1201 507 1248 534; x_wconf 86' lang='lat' dir='ltr'>ul-</span> 
     </span>
    </p>
   </div>
   <div class='ocr_carea' id='block_1_4' title="bbox 40 536 621 633">
    <p class='ocr_par' dir='ltr' id='par_1_4' title="bbox 40 536 621 633">
     <span class='ocr_line' id='line_1_14' title="bbox 41 536 617 570; baseline 0 -7"><span class='ocrx_word' id='word_1_149' title='bbox 41 536 150 564; x_wconf 82' lang='lat' dir='ltr'>summa</span> <span class='ocrx_word' id='word_1_150' title='bbox 171 540 288 570; x_wconf 82' lang='lat' dir='ltr'>penuria</span> <span class='ocrx_word' id='word_1_151' title='bbox 305 544 364 565; x_wconf 83' lang='lat' dir='ltr'>erat</span> <span class='ocrx_word' id='word_1_152' title='bbox 375 555 382 564; x_wconf 39' lang='lat' dir='ltr'>r</span> <span class='ocrx_word' id='word_1_153' title='bbox 402 545 435 565; x_wconf 90' lang='lat' dir='ltr'>ut</span> <span class='ocrx_word' id='word_1_154' title='bbox 447 540 476 564; x_wconf 91' lang='lat' dir='ltr'>in</span> <span class='ocrx_word' id='word_1_155' title='bbox 489 539 617 570; x_wconf 81' lang='lat' dir='ltr'>regione.</span> 
     </span>
     <span class='ocr_line' id='line_1_15' title="bbox 40 569 621 601; baseline 0 -5"><span class='ocrx_word' id='word_1_156' title='bbox 40 577 128 601; x_wconf 83' lang='lat' dir='ltr'>quam</span> <span class='ocrx_word' id='word_1_157' title='bbox 137 571 172 595; x_wconf 88' lang='lat' dir='ltr'>ab</span> <span class='ocrx_word' id='word_1_158' title='bbox 181 571 261 596; x_wconf 91' lang='lat' dir='ltr'>omni</span> <span class='ocrx_word' id='word_1_159' title='bbox 273 576 352 601; x_wconf 87' lang='lat' dir='ltr'>parre</span> <span class='ocrx_word' id='word_1_160' title='bbox 361 569 534 596; x_wconf 78' lang='lat' dir='ltr'><strong>solitudines</strong></span> <span class='ocrx_word' id='word_1_161' title='bbox 543 571 621 596; x_wconf 85' lang='lat' dir='ltr'>clau-</span> 
     </span>
     <span class='ocr_line' id='line_1_16' title="bbox 43 602 618 633; baseline -0.002 -4"><span class='ocrx_word' id='word_1_162' title='bbox 43 603 159 629; x_wconf 86' lang='lat' dir='ltr'>derent.</span> <span class='ocrx_word' id='word_1_163' title='bbox 176 602 276 633; x_wconf 84' lang='lat' dir='ltr'>Itaque</span> <span class='ocrx_word' id='word_1_164' title='bbox 299 608 389 627; x_wconf 88' lang='lat' dir='ltr'>unum</span> <span class='ocrx_word' id='word_1_165' title='bbox 402 607 513 628; x_wconf 86' lang='lat' dir='ltr'>tantum</span> <span class='ocrx_word' id='word_1_166' title='bbox 526 609 618 628; x_wconf 86' lang='lat' dir='ltr'>mora—</span> 
     </span>
    </p>
   </div>
   <div class='ocr_carea' id='block_1_5' title="bbox 662 539 1247 635">
    <p class='ocr_par' dir='ltr' id='par_1_5' title="bbox 662 539 1247 635">
     <span class='ocr_line' id='line_1_17' title="bbox 662 539 1073 566; baseline -0.01 0"><span class='ocrx_word' id='word_1_167' title='bbox 662 540 718 566; x_wconf 86' lang='lat' dir='ltr'>lius</span> <span class='ocrx_word' id='word_1_168' title='bbox 728 539 759 565; x_wconf 91' lang='lat' dir='ltr'>in</span> <span class='ocrx_word' id='word_1_169' title='bbox 772 540 925 566; x_wconf 87' lang='lat' dir='ltr'>tormentis</span> <span class='ocrx_word' id='word_1_170' title='bbox 935 539 1073 564; x_wconf 81' lang='lat' dir='ltr'>moritur.</span> 
     </span>
     <span class='ocr_line' id='line_1_18' title="bbox 695 570 1240 603; baseline 0 -6"><span class='ocrx_word' id='word_1_171' title='bbox 695 573 766 603; x_wconf 82' lang='lat' dir='ltr'>cap.</span> <span class='ocrx_word' id='word_1_172' title='bbox 786 573 809 596; x_wconf 82' lang='lat' dir='ltr'>x</span> <span class='ocrx_word' id='word_1_173' title='bbox 822 573 846 596; x_wconf 81' lang='grc' dir='ltr'>Χ</span> <span class='ocrx_word' id='word_1_174' title='bbox 858 571 870 596; x_wconf 84' lang='lat'>1</span> <span class='ocrx_word' id='word_1_175' title='bbox 884 571 921 595; x_wconf 92' lang='lat' dir='ltr'>V.</span> <span class='ocrx_word' id='word_1_176' title='bbox 940 570 1121 596; x_wconf 84' lang='lat' dir='ltr'>Demetrium</span> <span class='ocrx_word' id='word_1_177' title='bbox 1133 571 1240 597; x_wconf 82' lang='lat' dir='ltr'>iterum</span> 
     </span>
     <span class='ocr_line' id='line_1_19' title="bbox 662 601 1247 635; baseline 0 -6"><span class='ocrx_word' id='word_1_178' title='bbox 662 604 699 629; x_wconf 89' lang='lat' dir='ltr'>ad</span> <span class='ocrx_word' id='word_1_179' title='bbox 719 609 826 634; x_wconf 86' lang='lat' dir='ltr'>patrem</span> <span class='ocrx_word' id='word_1_180' title='bbox 854 602 995 629; x_wconf 74' lang='lat' dir='ltr'>accusavit</span> <span class='ocrx_word' id='word_1_181' title='bbox 1013 601 1140 627; x_wconf 80' lang='lat' dir='ltr'>Perseus.</span> <span class='ocrx_word' id='word_1_182' title='bbox 1177 603 1247 635; x_wconf 79' lang='lat' dir='ltr'>suga</span> 
     </span>
    </p>
   </div>
   <div class='ocr_carea' id='block_1_6' title="bbox 40 634 1247 666">
    <p class='ocr_par' dir='ltr' id='par_1_6' title="bbox 40 634 1247 666">
     <span class='ocr_line' id='line_1_20' title="bbox 40 634 1247 666; baseline -0.001 -6"><span class='ocrx_word' id='word_1_183' title='bbox 40 638 89 660; x_wconf 89' lang='lat' dir='ltr'>tus</span> <span class='ocrx_word' id='word_1_184' title='bbox 107 634 183 660; x_wconf 77' lang='lat' dir='ltr'>diem</span> <span class='ocrx_word' id='word_1_185' title='bbox 195 650 203 661; x_wconf 86' lang='lat'>‚</span> <span class='ocrx_word' id='word_1_186' title='bbox 224 634 331 664; x_wconf 88' lang='lat' dir='ltr'>quietis</span> <span class='ocrx_word' id='word_1_187' title='bbox 341 640 438 660; x_wconf 89' lang='lat' dir='ltr'>eorum</span> <span class='ocrx_word' id='word_1_188' title='bbox 448 634 536 659; x_wconf 68' lang='lat' dir='ltr'>causta</span> <span class='ocrx_word' id='word_1_189' title='bbox 547 640 620 666; x_wconf 87' lang='lat' dir='ltr'>quos</span> <span class='ocrx_word' id='word_1_190' title='bbox 663 642 714 666; x_wconf 88' lang='lat' dir='ltr'>per</span> <span class='ocrx_word' id='word_1_191' title='bbox 726 636 866 661; x_wconf 67' lang='lat' dir='ltr'>Paeoniam</span> <span class='ocrx_word' id='word_1_192' title='bbox 888 639 1043 665; x_wconf 73' lang='lat' dir='ltr'>praeparata</span> <span class='ocrx_word' id='word_1_193' title='bbox 1060 634 1247 665; x_wconf 81' lang='lat' dir='ltr'>arguebatur,</span> 
     </span>
    </p>
   </div>
   <div class='ocr_carea' id='block_1_7' title="bbox 40 664 632 2411">
    <p class='ocr_par' dir='ltr' id='par_1_7' title="bbox 40 664 623 1103">
     <span class='ocr_line' id='line_1_21' title="bbox 40 664 620 692; baseline 0.002 -1"><span class='ocrx_word' id='word_1_194' title='bbox 40 664 181 691; x_wconf 78' lang='lat' dir='ltr'>habuerat</span> <span class='ocrx_word' id='word_1_195' title='bbox 200 666 289 691; x_wconf 81' lang='lat' dir='ltr'>secum</span> <span class='ocrx_word' id='word_1_196' title='bbox 301 680 309 692; x_wconf 73' lang='lat'><strong>‚</strong></span> <span class='ocrx_word' id='word_1_197' title='bbox 327 666 431 691; x_wconf 91' lang='lat' dir='ltr'>itinere</span> <span class='ocrx_word' id='word_1_198' title='bbox 453 667 521 692; x_wconf 88' lang='lat' dir='ltr'>inde</span> <span class='ocrx_word' id='word_1_199' title='bbox 531 666 620 692; x_wconf 68' lang='lat' dir='ltr'>iini&#39;ssi</span> 
     </span>
     <span class='ocr_line' id='line_1_22' title="bbox 42 696 620 728; baseline 0.002 -6"><span class='ocrx_word' id='word_1_200' title='bbox 42 696 119 728; x_wconf 65' lang='lat' dir='ltr'>fugre</span> <span class='ocrx_word' id='word_1_201' title='bbox 131 698 162 722; x_wconf 91' lang='lat' dir='ltr'>in</span> <span class='ocrx_word' id='word_1_202' title='bbox 173 698 358 723; x_wconf 83' lang='lat' dir='ltr'>Dentheletas</span> <span class='ocrx_word' id='word_1_203' title='bbox 368 697 548 724; x_wconf 73' lang='lat' dir='ltr'>transcurrit.</span> <span class='ocrx_word' id='word_1_204' title='bbox 570 699 620 723; x_wconf 74' lang='lat' dir='ltr'>So-</span> 
     </span>
     <span class='ocr_line' id='line_1_23' title="bbox 41 728 619 761; baseline 0.002 -7"><span class='ocrx_word' id='word_1_205' title='bbox 41 728 82 754; x_wconf 85' lang='lat' dir='ltr'>cii</span> <span class='ocrx_word' id='word_1_206' title='bbox 92 733 196 754; x_wconf 85' lang='lat' dir='ltr'>erant:</span> <span class='ocrx_word' id='word_1_207' title='bbox 215 728 262 755; x_wconf 85' lang='lat' dir='ltr'>scd</span> <span class='ocrx_word' id='word_1_208' title='bbox 273 735 390 761; x_wconf 76' lang='lat' dir='ltr'>propter</span> <span class='ocrx_word' id='word_1_209' title='bbox 402 730 530 760; x_wconf 77' lang='lat' dir='ltr'>inopiam</span> <span class='ocrx_word' id='word_1_210' title='bbox 543 729 619 755; x_wconf 80' lang='lat' dir='ltr'>haud</span> 
     </span>
     <span class='ocr_line' id='line_1_24' title="bbox 43 758 621 791; baseline 0.002 -6"><span class='ocrx_word' id='word_1_211' title='bbox 43 758 122 786; x_wconf 88' lang='lat' dir='ltr'>secus</span> <span class='ocrx_word' id='word_1_212' title='bbox 143 766 227 791; x_wconf 85' lang='lat' dir='ltr'>quam</span> <span class='ocrx_word' id='word_1_213' title='bbox 247 761 373 786; x_wconf 82' lang='lat' dir='ltr'>hostium</span> <span class='ocrx_word' id='word_1_214' title='bbox 394 761 465 787; x_wconf 84' lang='lat' dir='ltr'>fines</span> <span class='ocrx_word' id='word_1_215' title='bbox 483 762 621 787; x_wconf 82' lang='lat' dir='ltr'>Macedo-</span> 
     </span>
     <span class='ocr_line' id='line_1_25' title="bbox 44 790 618 823; baseline 0.002 -7"><span class='ocrx_word' id='word_1_216' title='bbox 44 796 95 816; x_wconf 92' lang='lat' dir='ltr'>nes</span> <span class='ocrx_word' id='word_1_217' title='bbox 118 792 249 823; x_wconf 75' lang='lat' dir='ltr'>popului</span> <span class='ocrx_word' id='word_1_218' title='bbox 268 790 348 819; x_wconf 89' lang='lat' dir='ltr'>sunt.</span> <span class='ocrx_word' id='word_1_219' title='bbox 379 800 407 818; x_wconf 87' lang='lat' dir='ltr'>ra</span> <span class='ocrx_word' id='word_1_220' title='bbox 430 793 516 819; x_wconf 87' lang='lat' dir='ltr'>iendo</span> <span class='ocrx_word' id='word_1_221' title='bbox 539 793 618 818; x_wconf 79' lang='lat' dir='ltr'>enim</span> 
     </span>
     <span class='ocr_line' id='line_1_26' title="bbox 41 822 620 856; baseline 0.003 -8"><span class='ocrx_word' id='word_1_222' title='bbox 41 822 138 856; x_wconf 81' lang='lat' dir='ltr'>paffim</span> <span class='ocrx_word' id='word_1_223' title='bbox 150 824 230 850; x_wconf 87' lang='lat' dir='ltr'>villas</span> <span class='ocrx_word' id='word_1_224' title='bbox 243 826 365 855; x_wconf 79' lang='lat' dir='ltr'>primum</span> <span class='ocrx_word' id='word_1_225' title='bbox 379 841 385 851; x_wconf 79' lang='grc'><em>,</em></span> <span class='ocrx_word' id='word_1_226' title='bbox 419 827 465 851; x_wconf 91' lang='lat' dir='ltr'>ein</span> <span class='ocrx_word' id='word_1_227' title='bbox 484 823 620 854; x_wconf 47' lang='lat' dir='ltr'>quosdam</span> 
     </span>
     <span class='ocr_line' id='line_1_27' title="bbox 45 854 619 883; baseline 0.002 -3"><span class='ocrx_word' id='word_1_228' title='bbox 45 854 121 881; x_wconf 90' lang='lat' dir='ltr'>vicos</span> <span class='ocrx_word' id='word_1_229' title='bbox 132 856 216 881; x_wconf 81' lang='lat' dir='ltr'>etiarn</span> <span class='ocrx_word' id='word_1_230' title='bbox 228 856 391 883; x_wconf 81' lang='lat' dir='ltr'>evastarunt</span> <span class='ocrx_word' id='word_1_231' title='bbox 402 872 409 883; x_wconf 85' lang='lat'><em>.</em></span> <span class='ocrx_word' id='word_1_232' title='bbox 422 862 479 882; x_wconf 87' lang='lat' dir='ltr'>non</span> <span class='ocrx_word' id='word_1_233' title='bbox 493 856 551 881; x_wconf 75' lang='lat' dir='ltr'>sine</span> <span class='ocrx_word' id='word_1_234' title='bbox 562 862 619 881; x_wconf 92' lang='lat' dir='ltr'>ma-</span> 
     </span>
     <span class='ocr_line' id='line_1_28' title="bbox 41 887 620 919; baseline 0.002 -8"><span class='ocrx_word' id='word_1_235' title='bbox 41 891 103 918; x_wconf 75' lang='lat' dir='ltr'>gno</span> <span class='ocrx_word' id='word_1_236' title='bbox 123 887 233 918; x_wconf 83' lang='lat' dir='ltr'>pudore</span> <span class='ocrx_word' id='word_1_237' title='bbox 255 889 349 919; x_wconf 68' lang='lat' dir='ltr'>regi53</span> <span class='ocrx_word' id='word_1_238' title='bbox 368 896 457 918; x_wconf 85' lang='lat' dir='ltr'>quum</span> <span class='ocrx_word' id='word_1_239' title='bbox 478 888 620 914; x_wconf 87' lang='lat' dir='ltr'>sociorum</span> 
     </span>
     <span class='ocr_line' id='line_1_29' title="bbox 41 919 621 954; baseline 0.002 -11"><span class='ocrx_word' id='word_1_240' title='bbox 41 924 136 946; x_wconf 71' lang='lat' dir='ltr'>voces,</span> <span class='ocrx_word' id='word_1_241' title='bbox 153 920 343 954; x_wconf 82' lang='lat' dir='ltr'>nequicquam</span> <span class='ocrx_word' id='word_1_242' title='bbox 354 921 431 946; x_wconf 85' lang='lat' dir='ltr'>Deos</span> <span class='ocrx_word' id='word_1_243' title='bbox 443 919 560 946; x_wconf 83' lang='lat' dir='ltr'>sociales</span> <span class='ocrx_word' id='word_1_244' title='bbox 569 926 621 944; x_wconf 93' lang='lat' dir='ltr'>no-</span> 
     </span>
     <span class='ocr_line' id='line_1_30' title="bbox 43 951 619 982; baseline 0.002 -7"><span class='ocrx_word' id='word_1_245' title='bbox 43 955 166 981; x_wconf 82' lang='lat' dir='ltr'>menque</span> <span class='ocrx_word' id='word_1_246' title='bbox 184 951 265 976; x_wconf 75' lang='lat' dir='ltr'>inum</span> <span class='ocrx_word' id='word_1_247' title='bbox 288 951 474 982; x_wconf 77' lang='lat' dir='ltr'>implorantes</span> <span class='ocrx_word' id='word_1_248' title='bbox 493 951 619 977; x_wconf 88' lang='lat' dir='ltr'>audiret.</span> 
     </span>
     <span class='ocr_line' id='line_1_31' title="bbox 41 981 623 1012; baseline 0 -5"><span class='ocrx_word' id='word_1_249' title='bbox 41 981 203 1008; x_wconf 81' lang='lat' dir='ltr'>Frumento</span> <span class='ocrx_word' id='word_1_250' title='bbox 215 982 284 1009; x_wconf 87' lang='lat' dir='ltr'>inde</span> <span class='ocrx_word' id='word_1_251' title='bbox 294 982 420 1012; x_wconf 83' lang='lat' dir='ltr'>sublato,</span> <span class='ocrx_word' id='word_1_252' title='bbox 432 985 461 1010; x_wconf 90' lang='lat' dir='ltr'>in</span> <span class='ocrx_word' id='word_1_253' title='bbox 474 983 623 1009; x_wconf 68' lang='lat' dir='ltr'>Maedicam</span> 
     </span>
     <span class='ocr_line' id='line_1_32' title="bbox 45 1012 623 1052; baseline 0.002 -13"><span class='ocrx_word' id='word_1_254' title='bbox 45 1012 203 1044; x_wconf 73' lang='lat' dir='ltr'>regressus,</span> <span class='ocrx_word' id='word_1_255' title='bbox 224 1014 339 1043; x_wconf 84' lang='lat' dir='ltr'>urbem,</span> <span class='ocrx_word' id='word_1_256' title='bbox 355 1022 441 1047; x_wconf 82' lang='lat' dir='ltr'>quam</span> <span class='ocrx_word' id='word_1_257' title='bbox 451 1016 623 1052; x_wconf 51' lang='lat' dir='ltr'>Petram-ap-</span> 
     </span>
     <span class='ocr_line' id='line_1_33' title="bbox 44 1044 623 1103; baseline 0.002 -33"><span class='ocrx_word' id='word_1_258' title='bbox 44 1044 155 1103; x_wconf 59' lang='grc' dir='ltr'>ξειιεῃῑ</span> <span class='ocrx_word' id='word_1_259' title='bbox 167 1061 175 1072; x_wconf 82' lang='lat'><strong>‚</strong></span> <span class='ocrx_word' id='word_1_260' title='bbox 188 1052 355 1077; x_wconf 70' lang='lat' dir='ltr'>oppugnare</span> <span class='ocrx_word' id='word_1_261' title='bbox 366 1047 407 1073; x_wconf 85' lang='lat' dir='ltr'>est</span> <span class='ocrx_word' id='word_1_262' title='bbox 416 1047 546 1073; x_wconf 80' lang='lat' dir='ltr'>adortus.</span> <span class='ocrx_word' id='word_1_263' title='bbox 563 1046 623 1076; x_wconf 79' lang='grc' dir='ltr'>ιρΓε</span> 
     </span>
    </p>

    <p class='ocr_par' dir='ltr' id='par_1_8' title="bbox 41 1077 627 1515">
     <span class='ocr_line' id='line_1_34' title="bbox 80 1077 622 1109; baseline 0.002 -8"><span class='ocrx_word' id='word_1_264' title='bbox 80 1077 315 1109; x_wconf 84' lang='lat' dir='ltr'>campestriaditu</span> <span class='ocrx_word' id='word_1_265' title='bbox 326 1078 414 1105; x_wconf 87' lang='lat' dir='ltr'>castra</span> <span class='ocrx_word' id='word_1_266' title='bbox 426 1077 535 1109; x_wconf 83' lang='lat' dir='ltr'>posuit.</span> <span class='ocrx_word' id='word_1_267' title='bbox 555 1077 622 1103; x_wconf 88' lang='lat' dir='ltr'>I&#39;er-</span> 
     </span>
     <span class='ocr_line' id='line_1_35' title="bbox 43 1107 625 1136; baseline 0 -2"><span class='ocrx_word' id='word_1_268' title='bbox 43 1107 124 1135; x_wconf 84' lang='lat' dir='ltr'>seum</span> <span class='ocrx_word' id='word_1_269' title='bbox 145 1108 240 1135; x_wconf 81' lang='lat' dir='ltr'>hlium</span> <span class='ocrx_word' id='word_1_270' title='bbox 260 1116 324 1135; x_wconf 88' lang='lat' dir='ltr'>cum</span> <span class='ocrx_word' id='word_1_271' title='bbox 344 1111 457 1136; x_wconf 85' lang='lat' dir='ltr'>modica</span> <span class='ocrx_word' id='word_1_272' title='bbox 472 1115 558 1135; x_wconf 76' lang='lat' dir='ltr'>manu</span> <span class='ocrx_word' id='word_1_273' title='bbox 567 1110 625 1135; x_wconf 88' lang='lat' dir='ltr'>cir—</span> 
     </span>
     <span class='ocr_line' id='line_1_36' title="bbox 47 1140 625 1174; baseline 0.002 -9"><span class='ocrx_word' id='word_1_274' title='bbox 47 1140 201 1168; x_wconf 72' lang='lat' dir='ltr'>cummisit,</span> <span class='ocrx_word' id='word_1_275' title='bbox 216 1146 250 1167; x_wconf 89' lang='lat' dir='ltr'>ut</span> <span class='ocrx_word' id='word_1_276' title='bbox 261 1140 276 1167; x_wconf 74' lang='lat' dir='ltr'>a</span> <span class='ocrx_word' id='word_1_277' title='bbox 287 1141 483 1174; x_wconf 87' lang='lat' dir='ltr'>superioribus</span> <span class='ocrx_word' id='word_1_278' title='bbox 495 1142 567 1168; x_wconf 82' lang='lat' dir='ltr'>locis</span> <span class='ocrx_word' id='word_1_279' title='bbox 576 1148 625 1167; x_wconf 92' lang='lat' dir='ltr'>ur-</span> 
     </span>
     <span class='ocr_line' id='line_1_37' title="bbox 46 1172 623 1205; baseline 0.002 -8"><span class='ocrx_word' id='word_1_280' title='bbox 46 1172 110 1197; x_wconf 87' lang='lat' dir='ltr'>bem</span> <span class='ocrx_word' id='word_1_281' title='bbox 120 1172 332 1205; x_wconf 78' lang='lat' dir='ltr'>aggrederetur.</span> <span class='ocrx_word' id='word_1_282' title='bbox 350 1173 513 1205; x_wconf 70' lang='lat' dir='ltr'>oppidani,</span> <span class='ocrx_word' id='word_1_283' title='bbox 533 1179 623 1205; x_wconf 88' lang='lat' dir='ltr'>quum</span> 
     </span>
     <span class='ocr_line' id='line_1_38' title="bbox 41 1204 625 1239; baseline 0 -10"><span class='ocrx_word' id='word_1_284' title='bbox 41 1208 139 1229; x_wconf 87' lang='lat' dir='ltr'>terror</span> <span class='ocrx_word' id='word_1_285' title='bbox 157 1204 288 1236; x_wconf 85' lang='lat' dir='ltr'>undique</span> <span class='ocrx_word' id='word_1_286' title='bbox 307 1205 426 1231; x_wconf 88' lang='lat' dir='ltr'>instaret</span> <span class='ocrx_word' id='word_1_287' title='bbox 441 1221 449 1233; x_wconf 90' lang='lat'><em>‚</em></span> <span class='ocrx_word' id='word_1_288' title='bbox 476 1204 625 1239; x_wconf 69' lang='lat' dir='ltr'>obsidibus</span> 
     </span>
     <span class='ocr_line' id='line_1_39' title="bbox 44 1234 621 1266; baseline -0.002 -5"><span class='ocrx_word' id='word_1_289' title='bbox 44 1234 121 1261; x_wconf 84' lang='lat' dir='ltr'>datis</span> <span class='ocrx_word' id='word_1_290' title='bbox 131 1251 139 1263; x_wconf 73' lang='lat'><strong>‚</strong></span> <span class='ocrx_word' id='word_1_291' title='bbox 163 1236 194 1262; x_wconf 86' lang='lat' dir='ltr'>in</span> <span class='ocrx_word' id='word_1_292' title='bbox 207 1236 355 1266; x_wconf 63' lang='lat' dir='ltr'>praesentia</span> <span class='ocrx_word' id='word_1_293' title='bbox 365 1237 542 1263; x_wconf 87' lang='lat' dir='ltr'>dediderunt</span> <span class='ocrx_word' id='word_1_294' title='bbox 553 1237 621 1261; x_wconf 72' lang='lat' dir='ltr'>ieie.</span> 
     </span>
     <span class='ocr_line' id='line_1_40' title="bbox 42 1265 627 1300; baseline -0.002 -7"><span class='ocrx_word' id='word_1_295' title='bbox 42 1265 132 1293; x_wconf 75' lang='lat' dir='ltr'>Iidem</span> <span class='ocrx_word' id='word_1_296' title='bbox 150 1284 159 1297; x_wconf 88' lang='lat'>‚</span> <span class='ocrx_word' id='word_1_297' title='bbox 179 1267 358 1300; x_wconf 81' lang='lat' dir='ltr'>posteaquam</span> <span class='ocrx_word' id='word_1_298' title='bbox 376 1268 521 1294; x_wconf 86' lang='lat' dir='ltr'>exercitus</span> <span class='ocrx_word' id='word_1_299' title='bbox 538 1266 627 1293; x_wconf 85' lang='lat' dir='ltr'>reces-</span> 
     </span>
     <span class='ocr_line' id='line_1_41' title="bbox 44 1298 623 1328; baseline -0.002 -3"><span class='ocrx_word' id='word_1_300' title='bbox 44 1298 82 1325; x_wconf 84' lang='lat' dir='ltr'>fit</span> <span class='ocrx_word' id='word_1_301' title='bbox 102 1312 112 1326; x_wconf 56' lang='grc' dir='ltr'><em>η</em></span> <span class='ocrx_word' id='word_1_302' title='bbox 141 1299 226 1325; x_wconf 88' lang='lat' dir='ltr'>obliti</span> <span class='ocrx_word' id='word_1_303' title='bbox 246 1300 397 1328; x_wconf 69' lang='lat' dir='ltr'>obsidum·</span> <span class='ocrx_word' id='word_1_304' title='bbox 416 1300 517 1326; x_wconf 70' lang='lat' dir='ltr'>relicta</span> <span class='ocrx_word' id='word_1_305' title='bbox 536 1299 623 1328; x_wconf 87' lang='lat' dir='ltr'>urbe,</span> 
     </span>
     <span class='ocr_line' id='line_1_42' title="bbox 44 1330 624 1363; baseline 0.002 -8"><span class='ocrx_word' id='word_1_306' title='bbox 44 1330 77 1358; x_wconf 88' lang='lat' dir='ltr'>in</span> <span class='ocrx_word' id='word_1_307' title='bbox 103 1330 168 1356; x_wconf 89' lang='lat' dir='ltr'>loca</span> <span class='ocrx_word' id='word_1_308' title='bbox 193 1332 305 1357; x_wconf 89' lang='lat' dir='ltr'>munita</span> <span class='ocrx_word' id='word_1_309' title='bbox 329 1332 358 1359; x_wconf 80' lang='lat'>8&lt;</span> <span class='ocrx_word' id='word_1_310' title='bbox 376 1337 490 1357; x_wconf 80' lang='lat' dir='ltr'>montes</span> <span class='ocrx_word' id='word_1_311' title='bbox 507 1331 624 1363; x_wconf 81' lang='lat' dir='ltr'>refuge-</span> 
     </span>
     <span class='ocr_line' id='line_1_43' title="bbox 45 1362 623 1397; baseline 0 -10"><span class='ocrx_word' id='word_1_312' title='bbox 45 1367 128 1397; x_wconf 56' lang='lat' dir='ltr'>runt:</span> <span class='ocrx_word' id='word_1_313' title='bbox 152 1362 301 1396; x_wconf 85' lang='lat' dir='ltr'>Philippus</span> <span class='ocrx_word' id='word_1_314' title='bbox 321 1364 401 1389; x_wconf 90' lang='lat' dir='ltr'>omni</span> <span class='ocrx_word' id='word_1_315' title='bbox 421 1368 526 1392; x_wconf 66' lang='lat' dir='ltr'>genere</span> <span class='ocrx_word' id='word_1_316' title='bbox 544 1363 623 1388; x_wconf 82' lang='lat' dir='ltr'>labo-</span> 
     </span>
     <span class='ocr_line' id='line_1_44' title="bbox 45 1393 626 1431; baseline 0 -12"><span class='ocrx_word' id='word_1_317' title='bbox 45 1393 86 1419; x_wconf 85' lang='lat' dir='ltr'>ris</span> <span class='ocrx_word' id='word_1_318' title='bbox 105 1394 167 1420; x_wconf 75' lang='lat' dir='ltr'>ime</span> <span class='ocrx_word' id='word_1_319' title='bbox 182 1394 247 1420; x_wconf 91' lang='lat' dir='ltr'>ullo</span> <span class='ocrx_word' id='word_1_320' title='bbox 264 1394 364 1423; x_wconf 57' lang='lat' dir='ltr'>efficta</span> <span class='ocrx_word' id='word_1_321' title='bbox 385 1394 511 1426; x_wconf 70' lang='lat' dir='ltr'>fatigatis</span> <span class='ocrx_word' id='word_1_322' title='bbox 522 1394 626 1431; x_wconf 75' lang='lat' dir='ltr'>militi-</span> 
     </span>
     <span class='ocr_line' id='line_1_45' title="bbox 45 1424 625 1460; baseline 0.002 -9"><span class='ocrx_word' id='word_1_323' title='bbox 45 1424 117 1460; x_wconf 44' lang='lat' dir='ltr'>bus)</span> <span class='ocrx_word' id='word_1_324' title='bbox 138 1426 168 1452; x_wconf 80' lang='lat' dir='ltr'>St</span> <span class='ocrx_word' id='word_1_325' title='bbox 185 1425 287 1453; x_wconf 86' lang='lat' dir='ltr'>fraude</span> <span class='ocrx_word' id='word_1_326' title='bbox 301 1427 432 1458; x_wconf 69' lang='lat' dir='ltr'>praetoris</span> <span class='ocrx_word' id='word_1_327' title='bbox 443 1426 524 1453; x_wconf 77' lang='lat' dir='ltr'>Didae</span> <span class='ocrx_word' id='word_1_328' title='bbox 535 1426 625 1452; x_wconf 63' lang='lat' dir='ltr'>auctis</span> 
     </span>
     <span class='ocr_line' id='line_1_46' title="bbox 45 1456 624 1491; baseline -0.002 -7"><span class='ocrx_word' id='word_1_329' title='bbox 45 1457 78 1484; x_wconf 85' lang='lat' dir='ltr'>in</span> <span class='ocrx_word' id='word_1_330' title='bbox 90 1457 185 1483; x_wconf 75' lang='lat' dir='ltr'>hlium</span> <span class='ocrx_word' id='word_1_331' title='bbox 194 1456 405 1491; x_wconf 82' lang='lat' dir='ltr'>suspicionibus</span> <span class='ocrx_word' id='word_1_332' title='bbox 415 1475 424 1488; x_wconf 90' lang='lat'>‚</span> <span class='ocrx_word' id='word_1_333' title='bbox 446 1458 477 1485; x_wconf 87' lang='lat' dir='ltr'>in</span> <span class='ocrx_word' id='word_1_334' title='bbox 487 1458 624 1484; x_wconf 86' lang='lat' dir='ltr'>Macedo-</span> 
     </span>
     <span class='ocr_line' id='line_1_47' title="bbox 48 1489 243 1515; baseline 0 0"><span class='ocrx_word' id='word_1_335' title='bbox 48 1489 129 1515; x_wconf 86' lang='lat' dir='ltr'>niam</span> <span class='ocrx_word' id='word_1_336' title='bbox 143 1489 243 1515; x_wconf 84' lang='lat' dir='ltr'>rediit.</span> 
     </span>
    </p>

    <p class='ocr_par' dir='ltr' id='par_1_9' title="bbox 41 1520 632 2411">
     <span class='ocr_line' id='line_1_48' title="bbox 85 1520 628 1552; baseline 0.002 -7"><span class='ocrx_word' id='word_1_337' title='bbox 85 1520 155 1552; x_wconf 84' lang='lat' dir='ltr'>Cap.</span> <span class='ocrx_word' id='word_1_338' title='bbox 182 1522 208 1545; x_wconf 84' lang='lat' dir='ltr'>x</span> <span class='ocrx_word' id='word_1_339' title='bbox 222 1522 269 1547; x_wconf 83' lang='lat' dir='ltr'>XI</span> <span class='ocrx_word' id='word_1_340' title='bbox 281 1523 295 1548; x_wconf 82' lang='lat'>1</span> <span class='ocrx_word' id='word_1_341' title='bbox 305 1522 329 1548; x_wconf 90' lang='lat'>1.</span> <span class='ocrx_word' id='word_1_342' title='bbox 349 1521 449 1548; x_wconf 77' lang='lat' dir='ltr'>Misius</span> <span class='ocrx_word' id='word_1_343' title='bbox 471 1521 519 1548; x_wconf 82' lang='lat' dir='ltr'>hic</span> <span class='ocrx_word' id='word_1_344' title='bbox 534 1527 628 1547; x_wconf 73' lang='lat' dir='ltr'>comes</span> 
     </span>
     <span class='ocr_line' id='line_1_49' title="bbox 48 1551 629 1587; baseline 0.002 -10"><span class='ocrx_word' id='word_1_345' title='bbox 48 1551 96 1582; x_wconf 90' lang='lat' dir='ltr'>(ut</span> <span class='ocrx_word' id='word_1_346' title='bbox 115 1557 183 1577; x_wconf 89' lang='lat' dir='ltr'>ante</span> <span class='ocrx_word' id='word_1_347' title='bbox 193 1553 303 1580; x_wconf 64' lang='lat' dir='ltr'>dietum</span> <span class='ocrx_word' id='word_1_348' title='bbox 313 1554 371 1585; x_wconf 84' lang='lat' dir='ltr'>est)</span> <span class='ocrx_word' id='word_1_349' title='bbox 391 1560 479 1585; x_wconf 83' lang='lat' dir='ltr'>quum</span> <span class='ocrx_word' id='word_1_350' title='bbox 491 1553 629 1587; x_wconf 65' lang='lat' dir='ltr'>simplici-</span> 
     </span>
     <span class='ocr_line' id='line_1_50' title="bbox 42 1584 627 1613; baseline 0.003 -4"><span class='ocrx_word' id='word_1_351' title='bbox 42 1587 132 1609; x_wconf 76' lang='lat' dir='ltr'>tatem</span> <span class='ocrx_word' id='word_1_352' title='bbox 153 1584 265 1611; x_wconf 78' lang='lat' dir='ltr'>iuvenis</span> <span class='ocrx_word' id='word_1_353' title='bbox 282 1586 391 1612; x_wconf 87' lang='lat' dir='ltr'>incauti</span> <span class='ocrx_word' id='word_1_354' title='bbox 405 1601 413 1613; x_wconf 69' lang='lat'><em>2</em></span> <span class='ocrx_word' id='word_1_355' title='bbox 430 1585 460 1612; x_wconf 72' lang='lat'>8:</span> <span class='ocrx_word' id='word_1_356' title='bbox 483 1585 540 1611; x_wconf 80' lang='lat' dir='ltr'>luis</span> <span class='ocrx_word' id='word_1_357' title='bbox 550 1584 627 1611; x_wconf 82' lang='lat' dir='ltr'>haud</span> 
     </span>
     <span class='ocr_line' id='line_1_51' title="bbox 47 1614 627 1645; baseline 0.003 -5"><span class='ocrx_word' id='word_1_358' title='bbox 47 1614 194 1641; x_wconf 84' lang='lat' dir='ltr'>immerito</span> <span class='ocrx_word' id='word_1_359' title='bbox 219 1616 428 1645; x_wconf 79' lang='lat' dir='ltr'>succensentis,</span> <span class='ocrx_word' id='word_1_360' title='bbox 458 1616 627 1643; x_wconf 77' lang='lat' dir='ltr'>assentando</span> 
     </span>
     <span class='ocr_line' id='line_1_52' title="bbox 46 1644 629 1681; baseline 0.009 -11"><span class='ocrx_word' id='word_1_361' title='bbox 46 1644 288 1679; x_wconf 74' lang='lat' dir='ltr'>indignandoque</span> <span class='ocrx_word' id='word_1_362' title='bbox 307 1648 336 1675; x_wconf 76' lang='lat'>8&lt;</span> <span class='ocrx_word' id='word_1_363' title='bbox 363 1647 421 1681; x_wconf 80' lang='lat' dir='ltr'>ipse</span> <span class='ocrx_word' id='word_1_364' title='bbox 439 1650 527 1674; x_wconf 89' lang='lat' dir='ltr'>vicem</span> <span class='ocrx_word' id='word_1_365' title='bbox 544 1648 608 1679; x_wconf 85' lang='lat' dir='ltr'>ejus</span> <span class='ocrx_word' id='word_1_366' title='bbox 620 1663 629 1675; x_wconf 60' lang='lat'>³</span> 
     </span>
     <span class='ocr_line' id='line_1_53' title="bbox 44 1678 626 1710; baseline 0.002 -6"><span class='ocrx_word' id='word_1_367' title='bbox 44 1682 193 1710; x_wconf 81' lang='lat' dir='ltr'>captaret3</span> <span class='ocrx_word' id='word_1_368' title='bbox 215 1679 247 1705; x_wconf 91' lang='lat' dir='ltr'>in</span> <span class='ocrx_word' id='word_1_369' title='bbox 265 1680 363 1706; x_wconf 85' lang='lat' dir='ltr'>omnia</span> <span class='ocrx_word' id='word_1_370' title='bbox 379 1680 460 1707; x_wconf 81' lang='lat' dir='ltr'>ultro</span> <span class='ocrx_word' id='word_1_371' title='bbox 469 1678 545 1706; x_wconf 86' lang='lat' dir='ltr'>snam</span> <span class='ocrx_word' id='word_1_372' title='bbox 557 1680 626 1706; x_wconf 77' lang='lat' dir='ltr'>offe-</span> 
     </span>
     <span class='ocr_line' id='line_1_54' title="bbox 45 1711 627 1748; baseline 0.005 -14"><span class='ocrx_word' id='word_1_373' title='bbox 45 1715 112 1748; x_wconf 70' lang='lat' dir='ltr'>rens</span> <span class='ocrx_word' id='word_1_374' title='bbox 124 1716 246 1748; x_wconf 36' lang='lat' dir='ltr'>‘operam</span> <span class='ocrx_word' id='word_1_375' title='bbox 258 1727 266 1740; x_wconf 88' lang='lat'><strong>‚</strong></span> <span class='ocrx_word' id='word_1_376' title='bbox 288 1711 346 1738; x_wconf 85' lang='lat' dir='ltr'>fide</span> <span class='ocrx_word' id='word_1_377' title='bbox 363 1711 432 1738; x_wconf 88' lang='lat' dir='ltr'>data</span> <span class='ocrx_word' id='word_1_378' title='bbox 452 1718 554 1737; x_wconf 85' lang='lat' dir='ltr'>arcana</span> <span class='ocrx_word' id='word_1_379' title='bbox 563 1711 627 1742; x_wconf 85' lang='lat' dir='ltr'>ejus</span> 
     </span>
     <span class='ocr_line' id='line_1_55' title="bbox 44 1741 627 1779; baseline 0.002 -13"><span class='ocrx_word' id='word_1_380' title='bbox 44 1741 158 1779; x_wconf 62' lang='lat' dir='ltr'>elicuit.</span> <span class='ocrx_word' id='word_1_381' title='bbox 177 1743 284 1774; x_wconf 75' lang='lat' dir='ltr'>Fugam</span> <span class='ocrx_word' id='word_1_382' title='bbox 303 1744 338 1770; x_wconf 85' lang='lat' dir='ltr'>ad</span> <span class='ocrx_word' id='word_1_383' title='bbox 358 1744 506 1770; x_wconf 88' lang='lat' dir='ltr'>Romanos</span> <span class='ocrx_word' id='word_1_384' title='bbox 523 1745 627 1769; x_wconf 90' lang='lat' dir='ltr'>Deme-</span> 
     </span>
     <span class='ocr_line' id='line_1_56' title="bbox 41 1774 629 1804; baseline 0.003 -6"><span class='ocrx_word' id='word_1_385' title='bbox 41 1777 119 1799; x_wconf 76' lang='lat' dir='ltr'>trius</span> <span class='ocrx_word' id='word_1_386' title='bbox 136 1774 338 1801; x_wconf 83' lang='lat' dir='ltr'>meditabatur.</span> <span class='ocrx_word' id='word_1_387' title='bbox 355 1775 402 1802; x_wconf 85' lang='lat' dir='ltr'>cui</span> <span class='ocrx_word' id='word_1_388' title='bbox 411 1775 535 1801; x_wconf 76' lang='lat' dir='ltr'>consilio</span> <span class='ocrx_word' id='word_1_389' title='bbox 544 1774 629 1804; x_wconf 84' lang='lat' dir='ltr'>adju-</span> 
     </span>
     <span class='ocr_line' id='line_1_57' title="bbox 46 1805 628 1834; baseline 0.003 -4"><span class='ocrx_word' id='word_1_390' title='bbox 46 1808 94 1830; x_wconf 88' lang='lat' dir='ltr'>tor</span> <span class='ocrx_word' id='word_1_391' title='bbox 113 1805 206 1832; x_wconf 89' lang='lat' dir='ltr'>Deum</span> <span class='ocrx_word' id='word_1_392' title='bbox 226 1806 368 1833; x_wconf 85' lang='lat' dir='ltr'>beneficio</span> <span class='ocrx_word' id='word_1_393' title='bbox 387 1807 503 1834; x_wconf 90' lang='lat' dir='ltr'>oblatus</span> <span class='ocrx_word' id='word_1_394' title='bbox 513 1806 628 1832; x_wconf 85' lang='lat' dir='ltr'>vi&#39;deba-</span> 
     </span>
     <span class='ocr_line' id='line_1_58' title="bbox 47 1836 625 1874; baseline 0 -11"><span class='ocrx_word' id='word_1_395' title='bbox 47 1840 98 1874; x_wconf 79' lang='lat' dir='ltr'>tur</span> <span class='ocrx_word' id='word_1_396' title='bbox 115 1836 240 1874; x_wconf 68' lang='lat' dir='ltr'>J‘aeoniae</span> <span class='ocrx_word' id='word_1_397' title='bbox 260 1843 366 1869; x_wconf 79' lang='lat' dir='ltr'>praetor</span> <span class='ocrx_word' id='word_1_398' title='bbox 377 1855 386 1868; x_wconf 94' lang='lat'><strong>‚</strong></span> <span class='ocrx_word' id='word_1_399' title='bbox 407 1846 457 1872; x_wconf 87' lang='lat' dir='ltr'>per</span> <span class='ocrx_word' id='word_1_400' title='bbox 466 1839 548 1869; x_wconf 86' lang='lat' dir='ltr'>cujus</span> <span class='ocrx_word' id='word_1_401' title='bbox 559 1845 625 1870; x_wconf 87' lang='lat' dir='ltr'>pro-</span> 
     </span>
     <span class='ocr_line' id='line_1_59' title="bbox 44 1868 627 1901; baseline 0 -7"><span class='ocrx_word' id='word_1_402' title='bbox 44 1874 170 1895; x_wconf 77' lang='lat' dir='ltr'>vinciam</span> <span class='ocrx_word' id='word_1_403' title='bbox 182 1868 256 1901; x_wconf 86' lang='lat' dir='ltr'>spem</span> <span class='ocrx_word' id='word_1_404' title='bbox 266 1875 388 1901; x_wconf 65' lang='lat' dir='ltr'>ceperat,</span> <span class='ocrx_word' id='word_1_405' title='bbox 399 1871 475 1897; x_wconf 86' lang='lat' dir='ltr'>elabi</span> <span class='ocrx_word' id='word_1_406' title='bbox 485 1876 553 1897; x_wconf 89' lang='lat' dir='ltr'>tuto</span> <span class='ocrx_word' id='word_1_407' title='bbox 564 1869 627 1900; x_wconf 89' lang='lat' dir='ltr'>pos-</span> 
     </span>
     <span class='ocr_line' id='line_1_60' title="bbox 44 1898 626 1933; baseline 0.002 -8"><span class='ocrx_word' id='word_1_408' title='bbox 44 1898 86 1925; x_wconf 86' lang='lat' dir='ltr'>se.</span> <span class='ocrx_word' id='word_1_409' title='bbox 107 1901 172 1927; x_wconf 87' lang='lat' dir='ltr'>Hoc</span> <span class='ocrx_word' id='word_1_410' title='bbox 181 1902 332 1928; x_wconf 82' lang='lat' dir='ltr'>confilium</span> <span class='ocrx_word' id='word_1_411' title='bbox 348 1901 626 1933; x_wconf 74' lang='lat' dir='ltr'>extemplo&amp;fratri</span> 
     </span>
     <span class='ocr_line' id='line_1_61' title="bbox 43 1933 628 1969; baseline 0.005 -13"><span class='ocrx_word' id='word_1_412' title='bbox 43 1933 184 1969; x_wconf 71' lang='lat' dir='ltr'>proditur</span> <span class='ocrx_word' id='word_1_413' title='bbox 194 1949 202 1961; x_wconf 95' lang='lat'>‚</span> <span class='ocrx_word' id='word_1_414' title='bbox 212 1933 241 1960; x_wconf 75' lang='lat'>8&lt;</span> <span class='ocrx_word' id='word_1_415' title='bbox 250 1935 365 1959; x_wconf 64' lang='lat' dir='ltr'>auctore</span> <span class='ocrx_word' id='word_1_416' title='bbox 375 1941 410 1959; x_wconf 90' lang='lat' dir='ltr'>eo</span> <span class='ocrx_word' id='word_1_417' title='bbox 423 1935 569 1961; x_wconf 85' lang='lat' dir='ltr'>indicatur</span> <span class='ocrx_word' id='word_1_418' title='bbox 581 1940 628 1964; x_wconf 85' lang='lat' dir='ltr'>pa-</span> 
     </span>
     <span class='ocr_line' id='line_1_62' title="bbox 45 1964 626 1997; baseline 0.003 -8"><span class='ocrx_word' id='word_1_419' title='bbox 45 1967 98 1989; x_wconf 78' lang='lat' dir='ltr'>tri.</span> <span class='ocrx_word' id='word_1_420' title='bbox 128 1964 235 1991; x_wconf 78' lang='lat' dir='ltr'>Literae</span> <span class='ocrx_word' id='word_1_421' title='bbox 252 1966 377 1997; x_wconf 85' lang='lat' dir='ltr'>primum</span> <span class='ocrx_word' id='word_1_422' title='bbox 392 1966 426 1991; x_wconf 84' lang='lat' dir='ltr'>ad</span> <span class='ocrx_word' id='word_1_423' title='bbox 445 1966 626 1993; x_wconf 74' lang='lat' dir='ltr'>obsidentem</span> 
     </span>
     <span class='ocr_line' id='line_1_63' title="bbox 46 1994 629 2024; baseline 0.003 -4"><span class='ocrx_word' id='word_1_424' title='bbox 46 1994 161 2021; x_wconf 83' lang='lat' dir='ltr'>Petram</span> <span class='ocrx_word' id='word_1_425' title='bbox 180 1996 274 2022; x_wconf 76' lang='lat' dir='ltr'>allatae</span> <span class='ocrx_word' id='word_1_426' title='bbox 293 1996 372 2024; x_wconf 88' lang='lat' dir='ltr'>sunt.</span> <span class='ocrx_word' id='word_1_427' title='bbox 398 1998 468 2024; x_wconf 83' lang='lat' dir='ltr'>inde</span> <span class='ocrx_word' id='word_1_428' title='bbox 495 1998 629 2024; x_wconf 79' lang='lat' dir='ltr'>Herodo-</span> 
     </span>
     <span class='ocr_line' id='line_1_64' title="bbox 46 2028 631 2065; baseline 0.002 -12"><span class='ocrx_word' id='word_1_429' title='bbox 46 2029 94 2053; x_wconf 85' lang='lat' dir='ltr'>tus</span> <span class='ocrx_word' id='word_1_430' title='bbox 127 2028 285 2065; x_wconf 54' lang='lat' dir='ltr'>§princeps</span> <span class='ocrx_word' id='word_1_431' title='bbox 312 2029 361 2056; x_wconf 83' lang='lat' dir='ltr'>hle</span> <span class='ocrx_word' id='word_1_432' title='bbox 387 2030 545 2056; x_wconf 87' lang='lat' dir='ltr'>amicorum</span> <span class='ocrx_word' id='word_1_433' title='bbox 571 2030 631 2054; x_wconf 90' lang='lat' dir='ltr'>De-</span> 
     </span>
     <span class='ocr_line' id='line_1_65' title="bbox 49 2059 630 2091; baseline 0.003 -7"><span class='ocrx_word' id='word_1_434' title='bbox 49 2059 147 2085; x_wconf 77' lang='lat' dir='ltr'>metrii</span> <span class='ocrx_word' id='word_1_435' title='bbox 158 2060 240 2090; x_wconf 86' lang='lat' dir='ltr'>erat)</span> <span class='ocrx_word' id='word_1_436' title='bbox 262 2060 292 2086; x_wconf 91' lang='lat' dir='ltr'>in</span> <span class='ocrx_word' id='word_1_437' title='bbox 314 2061 471 2087; x_wconf 82' lang='lat' dir='ltr'>custodiam</span> <span class='ocrx_word' id='word_1_438' title='bbox 481 2061 521 2088; x_wconf 82' lang='lat' dir='ltr'>est</span> <span class='ocrx_word' id='word_1_439' title='bbox 532 2061 630 2091; x_wconf 72' lang='lat' dir='ltr'>conje-</span> 
     </span>
     <span class='ocr_line' id='line_1_66' title="bbox 45 2090 632 2119; baseline 0.002 -3"><span class='ocrx_word' id='word_1_440' title='bbox 45 2090 126 2117; x_wconf 69' lang='lat' dir='ltr'>etus:</span> <span class='ocrx_word' id='word_1_441' title='bbox 146 2091 176 2118; x_wconf 65' lang='grc' dir='ltr'>ει</span> <span class='ocrx_word' id='word_1_442' title='bbox 197 2092 580 2119; x_wconf 85' lang='lat' dir='ltr'>Demetriusdissimulanter</span> <span class='ocrx_word' id='word_1_443' title='bbox 589 2092 632 2117; x_wconf 90' lang='lat' dir='ltr'>as-</span> 
     </span>
     <span class='ocr_line' id='line_1_67' title="bbox 44 2119 630 2157; baseline 0.003 -9"><span class='ocrx_word' id='word_1_444' title='bbox 44 2119 152 2148; x_wconf 86' lang='lat' dir='ltr'>servari</span> <span class='ocrx_word' id='word_1_445' title='bbox 170 2122 269 2153; x_wconf 75' lang='lat' dir='ltr'>jussus.</span> <span class='ocrx_word' id='word_1_446' title='bbox 289 2125 356 2151; x_wconf 75' lang='lat' dir='ltr'>Haec</span> <span class='ocrx_word' id='word_1_447' title='bbox 375 2124 458 2157; x_wconf 83' lang='lat' dir='ltr'>supet</span> <span class='ocrx_word' id='word_1_448' title='bbox 468 2131 568 2151; x_wconf 65' lang='lat' dir='ltr'>catera</span> <span class='ocrx_word' id='word_1_449' title='bbox 578 2125 630 2150; x_wconf 87' lang='lat' dir='ltr'>tri-</span> 
     </span>
     <span class='ocr_line' id='line_1_68' title="bbox 47 2154 630 2186; baseline 0.005 -7"><span class='ocrx_word' id='word_1_450' title='bbox 47 2154 116 2180; x_wconf 76' lang='lat' dir='ltr'>stem</span> <span class='ocrx_word' id='word_1_451' title='bbox 134 2154 291 2181; x_wconf 87' lang='lat' dir='ltr'>adventum</span> <span class='ocrx_word' id='word_1_452' title='bbox 310 2157 338 2182; x_wconf 84' lang='lat' dir='ltr'>in</span> <span class='ocrx_word' id='word_1_453' title='bbox 360 2156 559 2183; x_wconf 87' lang='lat' dir='ltr'>Macedoniam</span> <span class='ocrx_word' id='word_1_454' title='bbox 571 2157 630 2186; x_wconf 80' lang='lat' dir='ltr'>regi</span> 
     </span>
     <span class='ocr_line' id='line_1_69' title="bbox 46 2184 631 2223; baseline 0.002 -12"><span class='ocrx_word' id='word_1_455' title='bbox 46 2184 191 2223; x_wconf 69' lang='lat' dir='ltr'>fecerunt.</span> <span class='ocrx_word' id='word_1_456' title='bbox 208 2188 358 2214; x_wconf 84' lang='lat' dir='ltr'>movebant</span> <span class='ocrx_word' id='word_1_457' title='bbox 379 2194 445 2214; x_wconf 88' lang='lat' dir='ltr'>eum</span> <span class='ocrx_word' id='word_1_458' title='bbox 463 2188 492 2215; x_wconf 71' lang='lat' dir='ltr'>Sc</span> <span class='ocrx_word' id='word_1_459' title='bbox 510 2186 631 2219; x_wconf 67' lang='lat' dir='ltr'>praesen-</span> 
     </span>
     <span class='ocr_line' id='line_1_70' title="bbox 49 2217 628 2251; baseline 0.003 -9"><span class='ocrx_word' id='word_1_460' title='bbox 49 2221 93 2243; x_wconf 77' lang='lat' dir='ltr'>tia</span> <span class='ocrx_word' id='word_1_461' title='bbox 118 2217 255 2244; x_wconf 84' lang='lat' dir='ltr'>crimina·</span> <span class='ocrx_word' id='word_1_462' title='bbox 278 2217 483 2251; x_wconf 63' lang='lat' dir='ltr'>exspectandos</span> <span class='ocrx_word' id='word_1_463' title='bbox 513 2225 628 2248; x_wconf 86' lang='lat' dir='ltr'>tamen,</span> 
     </span>
     <span class='ocr_line' id='line_1_71' title="bbox 47 2249 628 2312; baseline 0.01 -8"><span class='ocrx_word' id='word_1_464' title='bbox 47 2249 183 2308; x_wconf 51' lang='lat' dir='ltr'>213?ssss</span> <span class='ocrx_word' id='word_1_465' title='bbox 193 2251 628 2312; x_wconf 56' lang='lat' dir='ltr'>{{5.¹s22325³i.{}”2¹21³22.{23¹32</span> 
     </span>
     <span class='ocr_line' id='line_1_72' title="bbox 49 2312 628 2349; baseline 0.009 -13"><span class='ocrx_word' id='word_1_466' title='bbox 49 2317 141 2349; x_wconf 80' lang='lat' dir='ltr'>quum</span> <span class='ocrx_word' id='word_1_467' title='bbox 151 2312 263 2349; x_wconf 79' lang='lat' dir='ltr'>aliquot</span> <span class='ocrx_word' id='word_1_468' title='bbox 275 2313 383 2340; x_wconf 87' lang='lat' dir='ltr'>menses</span> <span class='ocrx_word' id='word_1_469' title='bbox 390 2315 500 2347; x_wconf 72' lang='lat' dir='ltr'>egisset,</span> <span class='ocrx_word' id='word_1_470' title='bbox 512 2315 628 2341; x_wconf 88' lang='lat' dir='ltr'>tandem</span> 
     </span>
     <span class='ocr_line' id='line_1_73' title="bbox 48 2342 629 2377; baseline 0.003 -8"><span class='ocrx_word' id='word_1_471' title='bbox 48 2342 138 2375; x_wconf 73' lang='lat' dir='ltr'>legati</span> <span class='ocrx_word' id='word_1_472' title='bbox 147 2360 155 2372; x_wconf 84' lang='lat'>‚</span> <span class='ocrx_word' id='word_1_473' title='bbox 166 2350 224 2375; x_wconf 70' lang='lat' dir='ltr'>jam</span> <span class='ocrx_word' id='word_1_474' title='bbox 233 2350 300 2372; x_wconf 87' lang='lat' dir='ltr'>ante</span> <span class='ocrx_word' id='word_1_475' title='bbox 309 2347 511 2377; x_wconf 74' lang='lat' dir='ltr'>praemeditatis</span> <span class='ocrx_word' id='word_1_476' title='bbox 520 2347 552 2372; x_wconf 88' lang='lat' dir='ltr'>in</span> <span class='ocrx_word' id='word_1_477' title='bbox 566 2347 629 2372; x_wconf 86' lang='lat' dir='ltr'>Ma-</span> 
     </span>
     <span class='ocr_line' id='line_1_74' title="bbox 49 2375 631 2411; baseline 0.009 -8"><span class='ocrx_word' id='word_1_478' title='bbox 49 2375 184 2409; x_wconf 66' lang='lat' dir='ltr'>cedonia,</span> <span class='ocrx_word' id='word_1_479' title='bbox 194 2382 257 2411; x_wconf 77' lang='lat' dir='ltr'>quae</span> <span class='ocrx_word' id='word_1_480' title='bbox 265 2377 301 2406; x_wconf 80' lang='lat' dir='ltr'>ab</span> <span class='ocrx_word' id='word_1_481' title='bbox 313 2379 406 2407; x_wconf 81' lang='lat' dir='ltr'>Roma</span> <span class='ocrx_word' id='word_1_482' title='bbox 414 2378 631 2411; x_wconf 79' lang='lat' dir='ltr'>renunciarent,</span> 
     </span>
    </p>
   </div>
   <div class='ocr_carea' id='block_1_8' title="bbox 637 674 641 800">
    <p class='ocr_par' dir='ltr' id='par_1_10' title="bbox 637 668 641 800">
     <span class='ocr_line' id='line_1_75' title="bbox 637 674 641 800; baseline 0 0"><span class='ocrx_word' id='word_1_483' title='bbox 637 674 641 800; x_wconf 68' lang='grc'>1</span> 
     </span>
    </p>
   </div>
   <div class='ocr_carea' id='block_1_9' title="bbox 663 666 1294 2414">
    <p class='ocr_par' dir='ltr' id='par_1_11' title="bbox 663 666 1255 1646">
     <span class='ocr_line' id='line_1_76' title="bbox 664 666 1252 699; baseline -0.002 -6"><span class='ocrx_word' id='word_1_484' title='bbox 664 667 693 693; x_wconf 68' lang='grc'>8(</span> <span class='ocrx_word' id='word_1_485' title='bbox 713 667 842 693; x_wconf 81' lang='lat' dir='ltr'>corrupti</span> <span class='ocrx_word' id='word_1_486' title='bbox 861 666 979 699; x_wconf 86' lang='lat' dir='ltr'>quidam</span> <span class='ocrx_word' id='word_1_487' title='bbox 994 681 1002 691; x_wconf 78' lang='grc'>,</span> <span class='ocrx_word' id='word_1_488' title='bbox 1022 670 1055 691; x_wconf 88' lang='lat' dir='ltr'>ut</span> <span class='ocrx_word' id='word_1_489' title='bbox 1066 667 1185 692; x_wconf 85' lang='lat' dir='ltr'>comites</span> <span class='ocrx_word' id='word_1_490' title='bbox 1198 667 1252 692; x_wconf 89' lang='lat' dir='ltr'>itl-</span> 
     </span>
     <span class='ocr_line' id='line_1_77' title="bbox 666 695 1247 726; baseline -0.002 -3"><span class='ocrx_word' id='word_1_491' title='bbox 666 699 744 725; x_wconf 77' lang='lat' dir='ltr'>neris</span> <span class='ocrx_word' id='word_1_492' title='bbox 761 698 850 726; x_wconf 75' lang='lat' dir='ltr'>efl&#39;ent</span> <span class='ocrx_word' id='word_1_493' title='bbox 871 706 877 723; x_wconf 76' lang='lat' dir='ltr'><strong>t</strong></span> <span class='ocrx_word' id='word_1_494' title='bbox 909 698 1033 723; x_wconf 83' lang='lat' dir='ltr'>maxime</span> <span class='ocrx_word' id='word_1_495' title='bbox 1056 695 1134 723; x_wconf 80' lang='lat' dir='ltr'>falsae</span> <span class='ocrx_word' id='word_1_496' title='bbox 1153 698 1247 724; x_wconf 81' lang='lat' dir='ltr'>literae</span> 
     </span>
     <span class='ocr_line' id='line_1_78' title="bbox 666 729 1247 765; baseline 0 -9"><span class='ocrx_word' id='word_1_497' title='bbox 666 732 705 756; x_wconf 86' lang='lat' dir='ltr'>T.</span> <span class='ocrx_word' id='word_1_498' title='bbox 728 731 847 765; x_wconf 80' lang='lat' dir='ltr'>Qintii</span> <span class='ocrx_word' id='word_1_499' title='bbox 866 731 1018 761; x_wconf 67' lang='lat' dir='ltr'>urgebant.</span> <span class='ocrx_word' id='word_1_500' title='bbox 1046 729 1121 754; x_wconf 86' lang='lat' dir='ltr'>nihil</span> <span class='ocrx_word' id='word_1_501' title='bbox 1148 735 1247 756; x_wconf 85' lang='lat' dir='ltr'>tamen</span> 
     </span>
     <span class='ocr_line' id='line_1_79' title="bbox 666 761 1247 794; baseline -0.002 -6"><span class='ocrx_word' id='word_1_502' title='bbox 666 764 757 793; x_wconf 85' lang='lat' dir='ltr'>palam</span> <span class='ocrx_word' id='word_1_503' title='bbox 779 763 893 793; x_wconf 70' lang='lat' dir='ltr'>gravius</span> <span class='ocrx_word' id='word_1_504' title='bbox 914 761 1136 794; x_wconf 82' lang='lat' dir='ltr'>pronunciatum</span> <span class='ocrx_word' id='word_1_505' title='bbox 1155 762 1191 787; x_wconf 91' lang='lat' dir='ltr'>de</span> <span class='ocrx_word' id='word_1_506' title='bbox 1209 767 1247 787; x_wconf 87' lang='lat' dir='ltr'>eo</span> 
     </span>
     <span class='ocr_line' id='line_1_80' title="bbox 664 793 1243 824; baseline -0.002 -4"><span class='ocrx_word' id='word_1_507' title='bbox 664 794 722 823; x_wconf 89' lang='lat' dir='ltr'>est,</span> <span class='ocrx_word' id='word_1_508' title='bbox 740 800 772 820; x_wconf 87' lang='lat' dir='ltr'>ut</span> <span class='ocrx_word' id='word_1_509' title='bbox 793 794 863 820; x_wconf 86' lang='lat' dir='ltr'>dolo</span> <span class='ocrx_word' id='word_1_510' title='bbox 882 794 981 824; x_wconf 84' lang='lat' dir='ltr'>potius</span> <span class='ocrx_word' id='word_1_511' title='bbox 1005 793 1243 819; x_wconf 79' lang='lat' dir='ltr'>interficeretur:</span> 
     </span>
     <span class='ocr_line' id='line_1_81' title="bbox 664 823 1251 856; baseline 0.002 -5"><span class='ocrx_word' id='word_1_512' title='bbox 664 833 716 852; x_wconf 84' lang='lat' dir='ltr'>nec</span> <span class='ocrx_word' id='word_1_513' title='bbox 735 827 764 852; x_wconf 89' lang='lat' dir='ltr'>id</span> <span class='ocrx_word' id='word_1_514' title='bbox 784 833 851 851; x_wconf 91' lang='lat' dir='ltr'>cura</span> <span class='ocrx_word' id='word_1_515' title='bbox 861 826 947 856; x_wconf 79' lang='lat' dir='ltr'>ipsius</span> <span class='ocrx_word' id='word_1_516' title='bbox 960 841 969 852; x_wconf 72' lang='lat'>.</span> <span class='ocrx_word' id='word_1_517' title='bbox 988 823 1035 849; x_wconf 81' lang='lat' dir='ltr'>sed</span> <span class='ocrx_word' id='word_1_518' title='bbox 1046 831 1082 849; x_wconf 91' lang='lat' dir='ltr'>ne</span> <span class='ocrx_word' id='word_1_519' title='bbox 1092 831 1176 856; x_wconf 83' lang='lat' dir='ltr'>poena</span> <span class='ocrx_word' id='word_1_520' title='bbox 1185 824 1251 855; x_wconf 73' lang='lat' dir='ltr'>eius</span> 
     </span>
     <span class='ocr_line' id='line_1_82' title="bbox 664 856 1246 884; baseline -0.003 0"><span class='ocrx_word' id='word_1_521' title='bbox 664 859 784 884; x_wconf 74' lang='lat' dir='ltr'>consilia</span> <span class='ocrx_word' id='word_1_522' title='bbox 799 856 932 883; x_wconf 75' lang='lat' dir='ltr'>adversus</span> <span class='ocrx_word' id='word_1_523' title='bbox 952 857 1099 882; x_wconf 84' lang='lat' dir='ltr'>Romanos</span> <span class='ocrx_word' id='word_1_524' title='bbox 1109 857 1246 883; x_wconf 83' lang='lat' dir='ltr'>nudaret.</span> 
     </span>
     <span class='ocr_line' id='line_1_83' title="bbox 666 888 1246 919; baseline 0 -5"><span class='ocrx_word' id='word_1_525' title='bbox 666 890 711 915; x_wconf 82' lang='lat' dir='ltr'>Ab</span> <span class='ocrx_word' id='word_1_526' title='bbox 730 889 929 915; x_wconf 83' lang='lat' dir='ltr'>Theflalonica</span> <span class='ocrx_word' id='word_1_527' title='bbox 959 888 1173 914; x_wconf 84' lang='lat' dir='ltr'>Demetriadem</span> <span class='ocrx_word' id='word_1_528' title='bbox 1191 888 1246 919; x_wconf 83' lang='lat' dir='ltr'>ipsi</span> 
     </span>
     <span class='ocr_line' id='line_1_84' title="bbox 664 919 1249 950; baseline -0.002 -4"><span class='ocrx_word' id='word_1_529' title='bbox 664 928 753 950; x_wconf 71' lang='lat' dir='ltr'>otium</span> <span class='ocrx_word' id='word_1_530' title='bbox 774 922 830 947; x_wconf 86' lang='lat' dir='ltr'>iter</span> <span class='ocrx_word' id='word_1_531' title='bbox 848 920 934 949; x_wconf 60' lang='lat' dir='ltr'>effen</span> <span class='ocrx_word' id='word_1_532' title='bbox 959 919 1103 945; x_wconf 79' lang='lat' dir='ltr'>Asterium</span> <span class='ocrx_word' id='word_1_533' title='bbox 1124 919 1249 946; x_wconf 74' lang='lat' dir='ltr'>Paeoniae</span> 
     </span>
     <span class='ocr_line' id='line_1_85' title="bbox 666 951 1248 979; baseline -0.007 -1"><span class='ocrx_word' id='word_1_534' title='bbox 666 953 847 979; x_wconf 78' lang='lat' dir='ltr'>Demetrium</span> <span class='ocrx_word' id='word_1_535' title='bbox 866 952 1031 978; x_wconf 85' lang='lat' dir='ltr'>mittitcum</span> <span class='ocrx_word' id='word_1_536' title='bbox 1042 951 1143 976; x_wconf 90' lang='lat' dir='ltr'>eodem</span> <span class='ocrx_word' id='word_1_537' title='bbox 1155 951 1248 979; x_wconf 83' lang='lat' dir='ltr'>comi.</span> 
     </span>
     <span class='ocr_line' id='line_1_86' title="bbox 666 983 1244 1015; baseline -0.003 -4"><span class='ocrx_word' id='word_1_538' title='bbox 666 990 694 1011; x_wconf 87' lang='lat' dir='ltr'>te</span> <span class='ocrx_word' id='word_1_539' title='bbox 714 984 807 1010; x_wconf 74' lang='lat' dir='ltr'>DIda:</span> <span class='ocrx_word' id='word_1_540' title='bbox 830 983 962 1010; x_wconf 71' lang='lat' dir='ltr'>Perseum</span> <span class='ocrx_word' id='word_1_541' title='bbox 973 983 1165 1015; x_wconf 78' lang='lat' dir='ltr'>Amphipolin</span> <span class='ocrx_word' id='word_1_542' title='bbox 1177 998 1186 1010; x_wconf 87' lang='lat'>,</span> <span class='ocrx_word' id='word_1_543' title='bbox 1205 983 1244 1009; x_wconf 85' lang='lat' dir='ltr'>ad</span> 
     </span>
     <span class='ocr_line' id='line_1_87' title="bbox 663 1014 1250 1051; baseline 0 -10"><span class='ocrx_word' id='word_1_544' title='bbox 663 1016 774 1043; x_wconf 75' lang='lat' dir='ltr'>obsides</span> <span class='ocrx_word' id='word_1_545' title='bbox 801 1017 946 1042; x_wconf 80' lang='lat' dir='ltr'>Thracum</span> <span class='ocrx_word' id='word_1_546' title='bbox 977 1014 1167 1045; x_wconf 76' lang='lat' dir='ltr'>accipiendos.</span> <span class='ocrx_word' id='word_1_547' title='bbox 1201 1014 1250 1051; x_wconf 55' lang='lat' dir='ltr'>cii·</span> 
     </span>
     <span class='ocr_line' id='line_1_88' title="bbox 664 1045 1248 1080; baseline -0.003 -7"><span class='ocrx_word' id='word_1_548' title='bbox 664 1048 814 1080; x_wconf 73' lang='lat' dir='ltr'>gredienti</span> <span class='ocrx_word' id='word_1_549' title='bbox 831 1049 866 1073; x_wconf 87' lang='lat' dir='ltr'>ab</span> <span class='ocrx_word' id='word_1_550' title='bbox 877 1047 903 1073; x_wconf 87' lang='lat' dir='ltr'>se</span> <span class='ocrx_word' id='word_1_551' title='bbox 914 1047 995 1073; x_wconf 84' lang='lat' dir='ltr'>Didae</span> <span class='ocrx_word' id='word_1_552' title='bbox 1005 1046 1139 1073; x_wconf 88' lang='lat' dir='ltr'>mandata</span> <span class='ocrx_word' id='word_1_553' title='bbox 1149 1045 1248 1072; x_wconf 75' lang='lat' dir='ltr'>dedis-</span> 
     </span>
     <span class='ocr_line' id='line_1_89' title="bbox 667 1077 1247 1106; baseline 0 -2"><span class='ocrx_word' id='word_1_554' title='bbox 667 1079 694 1105; x_wconf 90' lang='lat' dir='ltr'>se</span> <span class='ocrx_word' id='word_1_555' title='bbox 705 1080 813 1106; x_wconf 83' lang='lat' dir='ltr'>dicitur</span> <span class='ocrx_word' id='word_1_556' title='bbox 823 1096 831 1106; x_wconf 82' lang='lat'>‚</span> <span class='ocrx_word' id='word_1_557' title='bbox 843 1080 877 1105; x_wconf 87' lang='lat' dir='ltr'>de</span> <span class='ocrx_word' id='word_1_558' title='bbox 890 1079 955 1105; x_wconf 82' lang='lat' dir='ltr'>filio</span> <span class='ocrx_word' id='word_1_559' title='bbox 965 1078 1134 1104; x_wconf 88' lang='lat' dir='ltr'>occidendo.</span> <span class='ocrx_word' id='word_1_560' title='bbox 1154 1077 1247 1104; x_wconf 81' lang='lat' dir='ltr'>Sacri-</span> 
     </span>
     <span class='ocr_line' id='line_1_90' title="bbox 664 1109 1248 1138; baseline -0.002 -2"><span class='ocrx_word' id='word_1_561' title='bbox 664 1111 763 1137; x_wconf 80' lang='lat' dir='ltr'>ficium</span> <span class='ocrx_word' id='word_1_562' title='bbox 773 1112 807 1137; x_wconf 89' lang='lat' dir='ltr'>ab</span> <span class='ocrx_word' id='word_1_563' title='bbox 818 1111 893 1137; x_wconf 83' lang='lat' dir='ltr'>Dida</span> <span class='ocrx_word' id='word_1_564' title='bbox 902 1111 952 1137; x_wconf 83' lang='lat' dir='ltr'>seu</span> <span class='ocrx_word' id='word_1_565' title='bbox 960 1110 1137 1138; x_wconf 81' lang='lat' dir='ltr'>institutum,</span> <span class='ocrx_word' id='word_1_566' title='bbox 1149 1109 1198 1136; x_wconf 88' lang='lat' dir='ltr'>seu</span> <span class='ocrx_word' id='word_1_567' title='bbox 1209 1109 1248 1135; x_wconf 81' lang='lat' dir='ltr'>fi·</span> 
     </span>
     <span class='ocr_line' id='line_1_91' title="bbox 665 1141 1248 1173; baseline 0.002 -6"><span class='ocrx_word' id='word_1_568' title='bbox 665 1144 805 1169; x_wconf 82' lang='lat' dir='ltr'>mularum</span> <span class='ocrx_word' id='word_1_569' title='bbox 823 1143 872 1169; x_wconf 88' lang='lat' dir='ltr'>est.</span> <span class='ocrx_word' id='word_1_570' title='bbox 888 1143 924 1169; x_wconf 83' lang='lat' dir='ltr'>ad</span> <span class='ocrx_word' id='word_1_571' title='bbox 943 1142 1022 1173; x_wconf 83' lang='lat' dir='ltr'>quod</span> <span class='ocrx_word' id='word_1_572' title='bbox 1042 1141 1248 1168; x_wconf 87' lang='lat' dir='ltr'>celebrandum</span> 
     </span>
     <span class='ocr_line' id='line_1_92' title="bbox 665 1173 1246 1201; baseline -0.003 0"><span class='ocrx_word' id='word_1_573' title='bbox 665 1175 804 1201; x_wconf 81' lang='lat' dir='ltr'>invitatus</span> <span class='ocrx_word' id='word_1_574' title='bbox 825 1175 991 1200; x_wconf 80' lang='lat' dir='ltr'>Demetrius</span> <span class='ocrx_word' id='word_1_575' title='bbox 1010 1173 1045 1199; x_wconf 87' lang='lat' dir='ltr'>ab</span> <span class='ocrx_word' id='word_1_576' title='bbox 1054 1173 1169 1199; x_wconf 80' lang='lat' dir='ltr'>Asterie</span> <span class='ocrx_word' id='word_1_577' title='bbox 1185 1174 1246 1199; x_wconf 89' lang='lat' dir='ltr'>He-</span> 
     </span>
     <span class='ocr_line' id='line_1_93' title="bbox 664 1204 1249 1233; baseline -0.002 -2"><span class='ocrx_word' id='word_1_578' title='bbox 664 1207 784 1233; x_wconf 86' lang='lat' dir='ltr'>racleam</span> <span class='ocrx_word' id='word_1_579' title='bbox 795 1208 885 1232; x_wconf 84' lang='lat' dir='ltr'>venit.</span> <span class='ocrx_word' id='word_1_580' title='bbox 903 1208 934 1232; x_wconf 85' lang='lat' dir='ltr'>in</span> <span class='ocrx_word' id='word_1_581' title='bbox 945 1212 978 1231; x_wconf 91' lang='lat' dir='ltr'>ea</span> <span class='ocrx_word' id='word_1_582' title='bbox 988 1211 1070 1231; x_wconf 85' lang='lat' dir='ltr'>coena</span> <span class='ocrx_word' id='word_1_583' title='bbox 1081 1204 1191 1231; x_wconf 87' lang='lat' dir='ltr'>dicitur</span> <span class='ocrx_word' id='word_1_584' title='bbox 1201 1210 1249 1231; x_wconf 90' lang='lat' dir='ltr'>ve-</span> 
     </span>
     <span class='ocr_line' id='line_1_94' title="bbox 668 1238 1248 1266; baseline -0.003 -3"><span class='ocrx_word' id='word_1_585' title='bbox 668 1245 776 1264; x_wconf 89' lang='lat' dir='ltr'>nenum</span> <span class='ocrx_word' id='word_1_586' title='bbox 785 1238 895 1264; x_wconf 89' lang='lat' dir='ltr'>datum.</span> <span class='ocrx_word' id='word_1_587' title='bbox 908 1238 1018 1263; x_wconf 83' lang='lat' dir='ltr'>Poculo</span> <span class='ocrx_word' id='word_1_588' title='bbox 1029 1241 1128 1266; x_wconf 70' lang='lat' dir='ltr'>epotm</span> <span class='ocrx_word' id='word_1_589' title='bbox 1138 1242 1248 1262; x_wconf 82' lang='lat' dir='ltr'>eXtem-</span> 
     </span>
     <span class='ocr_line' id='line_1_95' title="bbox 665 1267 1248 1302; baseline -0.003 -6"><span class='ocrx_word' id='word_1_590' title='bbox 665 1271 715 1302; x_wconf 87' lang='lat' dir='ltr'>plo</span> <span class='ocrx_word' id='word_1_591' title='bbox 726 1270 821 1295; x_wconf 62' lang='lat' dir='ltr'>sensit.</span> <span class='ocrx_word' id='word_1_592' title='bbox 840 1270 869 1295; x_wconf 76' lang='lat'>8&lt;</span> <span class='ocrx_word' id='word_1_593' title='bbox 887 1275 956 1295; x_wconf 86' lang='lat' dir='ltr'>mox</span> <span class='ocrx_word' id='word_1_594' title='bbox 967 1267 1248 1297; x_wconf 82' lang='lat' dir='ltr'>coortisdoloribus.</span> 
     </span>
     <span class='ocr_line' id='line_1_96' title="bbox 666 1299 1247 1332; baseline -0.003 -5"><span class='ocrx_word' id='word_1_595' title='bbox 666 1302 767 1328; x_wconf 69' lang='lat' dir='ltr'>relisto</span> <span class='ocrx_word' id='word_1_596' title='bbox 778 1301 911 1327; x_wconf 85' lang='lat' dir='ltr'>convivio</span> <span class='ocrx_word' id='word_1_597' title='bbox 923 1318 931 1331; x_wconf 93' lang='lat'>,</span> <span class='ocrx_word' id='word_1_598' title='bbox 941 1307 1030 1332; x_wconf 84' lang='lat' dir='ltr'>quum</span> <span class='ocrx_word' id='word_1_599' title='bbox 1040 1300 1072 1325; x_wconf 90' lang='lat' dir='ltr'>in</span> <span class='ocrx_word' id='word_1_600' title='bbox 1080 1299 1247 1326; x_wconf 86' lang='lat' dir='ltr'>cubiculum</span> 
     </span>
     <span class='ocr_line' id='line_1_97' title="bbox 668 1331 1249 1364; baseline 0 -6"><span class='ocrx_word' id='word_1_601' title='bbox 668 1332 811 1364; x_wconf 75' lang='lat' dir='ltr'>recepiss&#39;et</span> <span class='ocrx_word' id='word_1_602' title='bbox 835 1331 893 1359; x_wconf 81' lang='lat' dir='ltr'>sese</span> <span class='ocrx_word' id='word_1_603' title='bbox 906 1349 914 1361; x_wconf 70' lang='lat'>‚</span> <span class='ocrx_word' id='word_1_604' title='bbox 940 1331 1138 1359; x_wconf 77' lang='lat' dir='ltr'>crudelitatem</span> <span class='ocrx_word' id='word_1_605' title='bbox 1157 1331 1249 1361; x_wconf 82' lang='lat' dir='ltr'>patris</span> 
     </span>
     <span class='ocr_line' id='line_1_98' title="bbox 666 1362 1248 1396; baseline 0 -6"><span class='ocrx_word' id='word_1_606' title='bbox 666 1370 846 1396; x_wconf 71' lang='lat' dir='ltr'>conquerens</span> <span class='ocrx_word' id='word_1_607' title='bbox 857 1381 865 1394; x_wconf 87' lang='lat'>‚</span> <span class='ocrx_word' id='word_1_608' title='bbox 886 1364 1073 1395; x_wconf 88' lang='lat' dir='ltr'>parricidium</span> <span class='ocrx_word' id='word_1_609' title='bbox 1085 1362 1186 1389; x_wconf 85' lang='lat' dir='ltr'>fratris</span> <span class='ocrx_word' id='word_1_610' title='bbox 1195 1379 1204 1392; x_wconf 82' lang='lat'><strong>‚</strong></span> <span class='ocrx_word' id='word_1_611' title='bbox 1213 1369 1248 1390; x_wconf 84' lang='lat' dir='ltr'>ac</span> 
     </span>
     <span class='ocr_line' id='line_1_99' title="bbox 667 1395 1250 1426; baseline -0.002 -5"><span class='ocrx_word' id='word_1_612' title='bbox 667 1396 750 1422; x_wconf 70' lang='lat' dir='ltr'>Didxe</span> <span class='ocrx_word' id='word_1_613' title='bbox 768 1396 858 1423; x_wconf 89' lang='lat' dir='ltr'>scelus</span> <span class='ocrx_word' id='word_1_614' title='bbox 876 1395 1026 1423; x_wconf 77' lang='lat' dir='ltr'>incusans,</span> <span class='ocrx_word' id='word_1_615' title='bbox 1046 1395 1250 1426; x_wconf 83' lang='lat' dir='ltr'>torquebatur.</span> 
     </span>
     <span class='ocr_line' id='line_1_100' title="bbox 667 1426 1250 1458; baseline -0.002 -4"><span class='ocrx_word' id='word_1_616' title='bbox 667 1427 824 1454; x_wconf 83' lang='lat' dir='ltr'>intromiffi</span> <span class='ocrx_word' id='word_1_617' title='bbox 850 1428 955 1454; x_wconf 87' lang='lat' dir='ltr'>deinde</span> <span class='ocrx_word' id='word_1_618' title='bbox 981 1426 1103 1458; x_wconf 70' lang='lat' dir='ltr'>Thyrsis</span> <span class='ocrx_word' id='word_1_619' title='bbox 1128 1426 1250 1457; x_wconf 82' lang='lat' dir='ltr'>quidam</span> 
     </span>
     <span class='ocr_line' id='line_1_101' title="bbox 667 1457 1252 1487; baseline -0.002 -3"><span class='ocrx_word' id='word_1_620' title='bbox 667 1460 845 1487; x_wconf 73' lang='lat' dir='ltr'>Stuberaeus,</span> <span class='ocrx_word' id='word_1_621' title='bbox 864 1460 893 1485; x_wconf 77' lang='lat' dir='ltr'>St</span> <span class='ocrx_word' id='word_1_622' title='bbox 908 1460 1051 1485; x_wconf 77' lang='lat' dir='ltr'>Beroeaeus</span> <span class='ocrx_word' id='word_1_623' title='bbox 1063 1457 1229 1484; x_wconf 82' lang='lat' dir='ltr'>Alexander</span> <span class='ocrx_word' id='word_1_624' title='bbox 1241 1473 1252 1487; x_wconf 77' lang='grc'>,</span> 
     </span>
     <span class='ocr_line' id='line_1_102' title="bbox 666 1488 1255 1529; baseline -0.007 -11"><span class='ocrx_word' id='word_1_625' title='bbox 666 1490 781 1522; x_wconf 66' lang='lat' dir='ltr'>injeci-is</span> <span class='ocrx_word' id='word_1_626' title='bbox 800 1491 943 1529; x_wconf 77' lang='lat' dir='ltr'>tapetibus</span> <span class='ocrx_word' id='word_1_627' title='bbox 952 1491 982 1525; x_wconf 79' lang='lat' dir='ltr'>in</span> <span class='ocrx_word' id='word_1_628' title='bbox 993 1494 1080 1521; x_wconf 88' lang='lat' dir='ltr'>caput</span> <span class='ocrx_word' id='word_1_629' title='bbox 1088 1488 1255 1520; x_wconf 80' lang='lat' dir='ltr'>faucesque,</span> 
     </span>
     <span class='ocr_line' id='line_1_103' title="bbox 668 1522 1252 1556; baseline -0.002 -8"><span class='ocrx_word' id='word_1_630' title='bbox 668 1522 806 1555; x_wconf 82' lang='lat' dir='ltr'>spiritum</span> <span class='ocrx_word' id='word_1_631' title='bbox 831 1524 1070 1549; x_wconf 70' lang='lat' dir='ltr'>intercluserunt.</span> <span class='ocrx_word' id='word_1_632' title='bbox 1099 1522 1145 1547; x_wconf 85' lang='lat' dir='ltr'>Ita</span> <span class='ocrx_word' id='word_1_633' title='bbox 1162 1522 1252 1556; x_wconf 78' lang='lat' dir='ltr'>inno·</span> 
     </span>
     <span class='ocr_line' id='line_1_104' title="bbox 666 1553 1253 1585; baseline -0.007 -4"><span class='ocrx_word' id='word_1_634' title='bbox 666 1556 732 1581; x_wconf 83' lang='lat' dir='ltr'>xius</span> <span class='ocrx_word' id='word_1_635' title='bbox 740 1554 903 1581; x_wconf 81' lang='lat' dir='ltr'>adolescens</span> <span class='ocrx_word' id='word_1_636' title='bbox 913 1571 920 1582; x_wconf 87' lang='lat'><em>.</em></span> <span class='ocrx_word' id='word_1_637' title='bbox 943 1560 1033 1585; x_wconf 84' lang='lat' dir='ltr'>quum</span> <span class='ocrx_word' id='word_1_638' title='bbox 1051 1554 1082 1579; x_wconf 90' lang='lat' dir='ltr'>in</span> <span class='ocrx_word' id='word_1_639' title='bbox 1094 1559 1130 1578; x_wconf 90' lang='lat' dir='ltr'>eo</span> <span class='ocrx_word' id='word_1_640' title='bbox 1139 1553 1253 1578; x_wconf 72' lang='lat' dir='ltr'>nehm-</span> 
     </span>
     <span class='ocr_line' id='line_1_105' title="bbox 668 1584 1253 1625; baseline -0.003 -12"><span class='ocrx_word' id='word_1_641' title='bbox 668 1587 738 1625; x_wconf 83' lang='lat' dir='ltr'>plici</span> <span class='ocrx_word' id='word_1_642' title='bbox 757 1587 873 1618; x_wconf 82' lang='lat' dir='ltr'>quidem</span> <span class='ocrx_word' id='word_1_643' title='bbox 890 1592 993 1619; x_wconf 70' lang='lat' dir='ltr'>genere</span> <span class='ocrx_word' id='word_1_644' title='bbox 1002 1585 1104 1611; x_wconf 87' lang='lat' dir='ltr'>mortis</span> <span class='ocrx_word' id='word_1_645' title='bbox 1113 1584 1253 1612; x_wconf 73' lang='lat' dir='ltr'>contenti</span> 
     </span>
     <span class='ocr_line' id='line_1_106' title="bbox 666 1617 1148 1646; baseline -0.008 0"><span class='ocrx_word' id='word_1_646' title='bbox 666 1618 778 1646; x_wconf 78' lang='lat' dir='ltr'>inimici</span> <span class='ocrx_word' id='word_1_647' title='bbox 802 1617 920 1644; x_wconf 77' lang='lat' dir='ltr'>fuiffent</span> <span class='ocrx_word' id='word_1_648' title='bbox 932 1634 940 1645; x_wconf 82' lang='lat'><em>.</em></span> <span class='ocrx_word' id='word_1_649' title='bbox 956 1617 1148 1643; x_wconf 85' lang='lat' dir='ltr'>interficitur.</span> 
     </span>
    </p>

    <p class='ocr_par' dir='ltr' id='par_1_12' title="bbox 667 1648 1256 1839">
     <span class='ocr_line' id='line_1_107' title="bbox 701 1648 1251 1680; baseline 0 -6"><span class='ocrx_word' id='word_1_650' title='bbox 701 1650 771 1680; x_wconf 87' lang='lat' dir='ltr'>Cap.</span> <span class='ocrx_word' id='word_1_651' title='bbox 790 1650 899 1675; x_wconf 81' lang='lat' dir='ltr'>XXV.</span> <span class='ocrx_word' id='word_1_652' title='bbox 928 1651 1006 1675; x_wconf 90' lang='lat' dir='ltr'>Dum</span> <span class='ocrx_word' id='word_1_653' title='bbox 1026 1648 1085 1675; x_wconf 74' lang='lat' dir='ltr'>haec</span> <span class='ocrx_word' id='word_1_654' title='bbox 1098 1648 1130 1674; x_wconf 90' lang='lat' dir='ltr'>in</span> <span class='ocrx_word' id='word_1_655' title='bbox 1152 1648 1251 1675; x_wconf 77' lang='lat' dir='ltr'>Mace-</span> 
     </span>
     <span class='ocr_line' id='line_1_108' title="bbox 667 1679 1256 1712; baseline -0.003 -5"><span class='ocrx_word' id='word_1_656' title='bbox 667 1681 758 1707; x_wconf 75' lang='lat' dir='ltr'>donia</span> <span class='ocrx_word' id='word_1_657' title='bbox 774 1686 918 1712; x_wconf 71' lang='lat' dir='ltr'>geruntur</span> <span class='ocrx_word' id='word_1_658' title='bbox 930 1696 939 1709; x_wconf 83' lang='lat'>,</span> <span class='ocrx_word' id='word_1_659' title='bbox 960 1681 997 1707; x_wconf 92' lang='lat' dir='ltr'>L.</span> <span class='ocrx_word' id='word_1_660' title='bbox 1009 1679 1148 1706; x_wconf 77' lang='lat' dir='ltr'>AEmilius</span> <span class='ocrx_word' id='word_1_661' title='bbox 1167 1679 1256 1706; x_wconf 81' lang='lat' dir='ltr'>Paul-</span> 
     </span>
     <span class='ocr_line' id='line_1_109' title="bbox 668 1711 1254 1744; baseline -0.005 -5"><span class='ocrx_word' id='word_1_662' title='bbox 668 1714 714 1739; x_wconf 90' lang='lat' dir='ltr'>lus</span> <span class='ocrx_word' id='word_1_663' title='bbox 726 1729 733 1740; x_wconf 84' lang='grc'><em>,</em></span> <span class='ocrx_word' id='word_1_664' title='bbox 743 1718 901 1744; x_wconf 69' lang='lat' dir='ltr'>prorogato</span> <span class='ocrx_word' id='word_1_665' title='bbox 911 1718 947 1739; x_wconf 79' lang='lat' dir='ltr'>ex</span> <span class='ocrx_word' id='word_1_666' title='bbox 955 1711 1107 1739; x_wconf 87' lang='lat' dir='ltr'>consulatu</span> <span class='ocrx_word' id='word_1_667' title='bbox 1118 1712 1254 1744; x_wconf 82' lang='lat' dir='ltr'>imperio,</span> 
     </span>
     <span class='ocr_line' id='line_1_110' title="bbox 669 1744 1254 1776; baseline 0.002 -7"><span class='ocrx_word' id='word_1_668' title='bbox 669 1744 816 1776; x_wconf 76' lang='lat' dir='ltr'>principio</span> <span class='ocrx_word' id='word_1_669' title='bbox 838 1745 912 1770; x_wconf 85' lang='lat' dir='ltr'>veris</span> <span class='ocrx_word' id='word_1_670' title='bbox 929 1745 960 1770; x_wconf 88' lang='lat' dir='ltr'>in</span> <span class='ocrx_word' id='word_1_671' title='bbox 972 1745 1094 1776; x_wconf 82' lang='lat' dir='ltr'>Ligures</span> <span class='ocrx_word' id='word_1_672' title='bbox 1103 1745 1254 1775; x_wconf 78' lang='lat' dir='ltr'>Ingaunos</span> 
     </span>
     <span class='ocr_line' id='line_1_111' title="bbox 668 1775 1250 1806; baseline -0.002 -5"><span class='ocrx_word' id='word_1_673' title='bbox 668 1777 827 1803; x_wconf 83' lang='lat' dir='ltr'>exercitum</span> <span class='ocrx_word' id='word_1_674' title='bbox 846 1776 1026 1803; x_wconf 85' lang='lat' dir='ltr'>introduxit.</span> <span class='ocrx_word' id='word_1_675' title='bbox 1045 1775 1104 1801; x_wconf 85' lang='lat' dir='ltr'>Ubi</span> <span class='ocrx_word' id='word_1_676' title='bbox 1123 1776 1250 1806; x_wconf 84' lang='lat' dir='ltr'>primum</span> 
     </span>
     <span class='ocr_line' id='line_1_112' title="bbox 669 1806 1256 1839; baseline 0 -6"><span class='ocrx_word' id='word_1_677' title='bbox 669 1809 699 1833; x_wconf 89' lang='lat' dir='ltr'>in</span> <span class='ocrx_word' id='word_1_678' title='bbox 712 1808 837 1834; x_wconf 82' lang='lat' dir='ltr'>hostium</span> <span class='ocrx_word' id='word_1_679' title='bbox 850 1807 958 1833; x_wconf 85' lang='lat' dir='ltr'>finibus</span> <span class='ocrx_word' id='word_1_680' title='bbox 975 1807 1064 1834; x_wconf 81' lang='lat' dir='ltr'>castra</span> <span class='ocrx_word' id='word_1_681' title='bbox 1073 1806 1170 1839; x_wconf 85' lang='lat' dir='ltr'>posuit</span> <span class='ocrx_word' id='word_1_682' title='bbox 1179 1822 1188 1836; x_wconf 83' lang='lat'>‚</span> <span class='ocrx_word' id='word_1_683' title='bbox 1209 1806 1256 1833; x_wconf 85' lang='lat' dir='ltr'>le-</span> 
     </span>
    </p>

    <p class='ocr_par' dir='ltr' id='par_1_13' title="bbox 687 1838 1255 1871">
     <span class='ocr_line' id='line_1_113' title="bbox 687 1838 1255 1871; baseline -0.002 -6"><span class='ocrx_word' id='word_1_684' title='bbox 687 1840 728 1866; x_wconf 90' lang='lat' dir='ltr'>ati</span> <span class='ocrx_word' id='word_1_685' title='bbox 737 1840 772 1865; x_wconf 92' lang='lat' dir='ltr'>ad</span> <span class='ocrx_word' id='word_1_686' title='bbox 782 1846 847 1866; x_wconf 90' lang='lat' dir='ltr'>eum</span> <span class='ocrx_word' id='word_1_687' title='bbox 861 1855 870 1868; x_wconf 80' lang='lat'><strong>‚</strong></span> <span class='ocrx_word' id='word_1_688' title='bbox 881 1845 930 1871; x_wconf 80' lang='lat' dir='ltr'>per</span> <span class='ocrx_word' id='word_1_689' title='bbox 937 1838 1056 1871; x_wconf 84' lang='lat' dir='ltr'>speciem</span> <span class='ocrx_word' id='word_1_690' title='bbox 1067 1838 1143 1871; x_wconf 82' lang='lat' dir='ltr'>pacis</span> <span class='ocrx_word' id='word_1_691' title='bbox 1151 1843 1255 1870; x_wconf 87' lang='lat' dir='ltr'>peten-</span> 
     </span>
    </p>

    <p class='ocr_par' dir='ltr' id='par_1_14' title="bbox 669 1869 1294 2414">
     <span class='ocr_line' id='line_1_114' title="bbox 692 1869 1252 1902; baseline -0.005 -3"><span class='ocrx_word' id='word_1_692' title='bbox 692 1879 731 1899; x_wconf 64' lang='grc' dir='ltr'>τε,</span> <span class='ocrx_word' id='word_1_693' title='bbox 751 1870 927 1902; x_wconf 85' lang='lat' dir='ltr'>speculatum</span> <span class='ocrx_word' id='word_1_694' title='bbox 946 1876 1103 1898; x_wconf 84' lang='lat' dir='ltr'>venerunt.</span> <span class='ocrx_word' id='word_1_695' title='bbox 1131 1876 1167 1896; x_wconf 92' lang='lat' dir='ltr'>ne</span> <span class='ocrx_word' id='word_1_696' title='bbox 1188 1869 1252 1896; x_wconf 78' lang='lat' dir='ltr'>anti</span> 
     </span>
     <span class='ocr_line' id='line_1_115' title="bbox 672 1901 1253 1933; baseline 0.003 -6"><span class='ocrx_word' id='word_1_697' title='bbox 672 1902 791 1933; x_wconf 82' lang='lat' dir='ltr'>Paullo,</span> <span class='ocrx_word' id='word_1_698' title='bbox 817 1903 873 1929; x_wconf 77' lang='lat' dir='ltr'>nili</span> <span class='ocrx_word' id='word_1_699' title='bbox 890 1909 955 1929; x_wconf 87' lang='lat' dir='ltr'>cum</span> <span class='ocrx_word' id='word_1_700' title='bbox 973 1903 1082 1931; x_wconf 82' lang='lat' dir='ltr'>deditis</span> <span class='ocrx_word' id='word_1_701' title='bbox 1101 1902 1166 1933; x_wconf 87' lang='lat' dir='ltr'>paci</span> <span class='ocrx_word' id='word_1_702' title='bbox 1180 1902 1205 1928; x_wconf 92' lang='lat' dir='ltr'>ci</span> <span class='ocrx_word' id='word_1_703' title='bbox 1224 1901 1253 1929; x_wconf 74' lang='lat' dir='ltr'>se</span> 
     </span>
     <span class='ocr_line' id='line_1_116' title="bbox 672 1933 1253 1967; baseline 0 -7"><span class='ocrx_word' id='word_1_704' title='bbox 672 1941 768 1967; x_wconf 82' lang='lat' dir='ltr'>pacem</span> <span class='ocrx_word' id='word_1_705' title='bbox 780 1944 786 1959; x_wconf 69' lang='grc'>,-</span> <span class='ocrx_word' id='word_1_706' title='bbox 802 1941 862 1961; x_wconf 90' lang='lat' dir='ltr'>non</span> <span class='ocrx_word' id='word_1_707' title='bbox 876 1940 932 1961; x_wconf 87' lang='lat' dir='ltr'>tam</span> <span class='ocrx_word' id='word_1_708' title='bbox 945 1935 975 1961; x_wconf 84' lang='lat' dir='ltr'>id</span> <span class='ocrx_word' id='word_1_709' title='bbox 986 1933 1253 1965; x_wconf 76' lang='lat' dir='ltr'>recusabant,quam</span> 
     </span>
     <span class='ocr_line' id='line_1_117' title="bbox 671 1964 1255 1998; baseline -0.003 -6"><span class='ocrx_word' id='word_1_710' title='bbox 671 1973 804 1998; x_wconf 87' lang='lat' dir='ltr'>tempore</span> <span class='ocrx_word' id='word_1_711' title='bbox 813 1973 885 1998; x_wconf 87' lang='lat' dir='ltr'>opus</span> <span class='ocrx_word' id='word_1_712' title='bbox 895 1965 949 1994; x_wconf 83' lang='lat' dir='ltr'>esse</span> <span class='ocrx_word' id='word_1_713' title='bbox 958 1966 1076 1997; x_wconf 76' lang='lat' dir='ltr'>aiebant</span> <span class='ocrx_word' id='word_1_714' title='bbox 1091 1982 1099 1995; x_wconf 81' lang='lat'><strong>,</strong></span> <span class='ocrx_word' id='word_1_715' title='bbox 1109 1970 1143 1992; x_wconf 85' lang='lat' dir='ltr'>nt</span> <span class='ocrx_word' id='word_1_716' title='bbox 1152 1964 1255 1997; x_wconf 74' lang='lat' dir='ltr'>gener!</span> 
     </span>
     <span class='ocr_line' id='line_1_118' title="bbox 669 1996 1256 2031; baseline -0.003 -7"><span class='ocrx_word' id='word_1_717' title='bbox 669 1998 772 2031; x_wconf 65' lang='lat' dir='ltr'>agresti</span> <span class='ocrx_word' id='word_1_718' title='bbox 790 1999 942 2025; x_wconf 83' lang='lat' dir='ltr'>hominum</span> <span class='ocrx_word' id='word_1_719' title='bbox 960 1997 1192 2030; x_wconf 81' lang='lat' dir='ltr'>persuaderetur.</span> <span class='ocrx_word' id='word_1_720' title='bbox 1217 1996 1256 2027; x_wconf 70' lang='lat' dir='ltr'>ad</span> 
     </span>
     <span class='ocr_line' id='line_1_119' title="bbox 674 2028 1258 2062; baseline -0.002 -6"><span class='ocrx_word' id='word_1_721' title='bbox 674 2031 729 2056; x_wconf 90' lang='lat' dir='ltr'>boc</span> <span class='ocrx_word' id='word_1_722' title='bbox 739 2030 836 2058; x_wconf 85' lang='lat' dir='ltr'>decem</span> <span class='ocrx_word' id='word_1_723' title='bbox 845 2030 958 2056; x_wconf 88' lang='lat' dir='ltr'>dierum</span> <span class='ocrx_word' id='word_1_724' title='bbox 971 2030 1094 2057; x_wconf 60' lang='lat' dir='ltr'>inducia</span> <span class='ocrx_word' id='word_1_725' title='bbox 1104 2035 1194 2062; x_wconf 89' lang='lat' dir='ltr'>quum</span> <span class='ocrx_word' id='word_1_726' title='bbox 1204 2028 1258 2055; x_wconf 80' lang='lat' dir='ltr'>da-</span> 
     </span>
     <span class='ocr_line' id='line_1_120' title="bbox 673 2061 1261 2094; baseline -0.002 -7"><span class='ocrx_word' id='word_1_727' title='bbox 673 2068 795 2091; x_wconf 85' lang='lat' dir='ltr'>rentur,</span> <span class='ocrx_word' id='word_1_728' title='bbox 815 2063 966 2094; x_wconf 87' lang='lat' dir='ltr'>petierunt</span> <span class='ocrx_word' id='word_1_729' title='bbox 983 2061 1108 2089; x_wconf 77' lang='lat' dir='ltr'>deinde,</span> <span class='ocrx_word' id='word_1_730' title='bbox 1130 2067 1167 2086; x_wconf 89' lang='lat' dir='ltr'>ne</span> <span class='ocrx_word' id='word_1_731' title='bbox 1177 2063 1261 2087; x_wconf 72' lang='lat' dir='ltr'>tran!</span> 
     </span>
     <span class='ocr_line' id='line_1_121' title="bbox 675 2091 1257 2125; baseline -0.002 -6"><span class='ocrx_word' id='word_1_732' title='bbox 675 2099 790 2120; x_wconf 89' lang='lat' dir='ltr'>montes</span> <span class='ocrx_word' id='word_1_733' title='bbox 807 2095 954 2125; x_wconf 88' lang='lat' dir='ltr'>proximos</span> <span class='ocrx_word' id='word_1_734' title='bbox 974 2092 1072 2120; x_wconf 83' lang='lat' dir='ltr'>castris</span> <span class='ocrx_word' id='word_1_735' title='bbox 1087 2091 1257 2124; x_wconf 83' lang='lat' dir='ltr'>pabulatum</span> 
     </span>
     <span class='ocr_line' id='line_1_122' title="bbox 671 2124 1258 2158; baseline -0.002 -7"><span class='ocrx_word' id='word_1_736' title='bbox 671 2125 874 2158; x_wconf 70' lang='lat' dir='ltr'>lignatumque</span> <span class='ocrx_word' id='word_1_737' title='bbox 892 2125 1000 2151; x_wconf 89' lang='lat' dir='ltr'>milltes</span> <span class='ocrx_word' id='word_1_738' title='bbox 1019 2125 1109 2152; x_wconf 89' lang='lat' dir='ltr'>irent.</span> <span class='ocrx_word' id='word_1_739' title='bbox 1127 2124 1206 2150; x_wconf 83' lang='lat' dir='ltr'>culta</span> <span class='ocrx_word' id='word_1_740' title='bbox 1222 2128 1258 2150; x_wconf 67' lang='lat' dir='ltr'>et</span> 
     </span>
     <span class='ocr_line' id='line_1_123' title="bbox 673 2155 1256 2184; baseline -0.002 -1"><span class='ocrx_word' id='word_1_741' title='bbox 673 2157 736 2183; x_wconf 86' lang='lat' dir='ltr'>loca</span> <span class='ocrx_word' id='word_1_742' title='bbox 755 2157 872 2184; x_wconf 87' lang='lat' dir='ltr'>suorum</span> <span class='ocrx_word' id='word_1_743' title='bbox 892 2156 995 2183; x_wconf 87' lang='lat' dir='ltr'>finium</span> <span class='ocrx_word' id='word_1_744' title='bbox 1015 2156 1079 2184; x_wconf 76' lang='lat' dir='ltr'>effe.</span> <span class='ocrx_word' id='word_1_745' title='bbox 1096 2155 1131 2182; x_wconf 88' lang='lat' dir='ltr'>Id</span> <span class='ocrx_word' id='word_1_746' title='bbox 1140 2155 1256 2182; x_wconf 71' lang='lat' dir='ltr'>abiim-</span> 
     </span>
     <span class='ocr_line' id='line_1_124' title="bbox 674 2187 1259 2225; baseline 0.002 -12"><span class='ocrx_word' id='word_1_747' title='bbox 674 2194 820 2221; x_wconf 84' lang='lat' dir='ltr'>petravere</span> <span class='ocrx_word' id='word_1_748' title='bbox 828 2206 836 2217; x_wconf 84' lang='lat'><strong>‚</strong></span> <span class='ocrx_word' id='word_1_749' title='bbox 847 2189 908 2220; x_wconf 85' lang='lat' dir='ltr'>post</span> <span class='ocrx_word' id='word_1_750' title='bbox 918 2195 967 2214; x_wconf 89' lang='lat' dir='ltr'>eos</span> <span class='ocrx_word' id='word_1_751' title='bbox 976 2187 1051 2221; x_wconf 88' lang='lat' dir='ltr'>ipsos</span> <span class='ocrx_word' id='word_1_752' title='bbox 1062 2191 1174 2225; x_wconf 73' lang='lat' dir='ltr'>montes</span> <span class='ocrx_word' id='word_1_753' title='bbox 1184 2204 1192 2217; x_wconf 88' lang='lat'>,</span> <span class='ocrx_word' id='word_1_754' title='bbox 1202 2192 1259 2214; x_wconf 83' lang='lat' dir='ltr'>un-</span> 
     </span>
     <span class='ocr_line' id='line_1_125' title="bbox 674 2219 1258 2248; baseline -0.002 -1"><span class='ocrx_word' id='word_1_755' title='bbox 674 2221 710 2247; x_wconf 89' lang='lat' dir='ltr'>de</span> <span class='ocrx_word' id='word_1_756' title='bbox 723 2226 888 2247; x_wconf 75' lang='lat' dir='ltr'>averterant</span> <span class='ocrx_word' id='word_1_757' title='bbox 898 2220 1005 2247; x_wconf 79' lang='lat' dir='ltr'>hostem</span> <span class='ocrx_word' id='word_1_758' title='bbox 1019 2236 1027 2248; x_wconf 83' lang='lat'><strong>‚</strong></span> <span class='ocrx_word' id='word_1_759' title='bbox 1037 2224 1166 2246; x_wconf 81' lang='lat' dir='ltr'>exercitu</span> <span class='ocrx_word' id='word_1_760' title='bbox 1174 2219 1258 2246; x_wconf 78' lang='lat' dir='ltr'>omni</span> 
     </span>
     <span class='ocr_line' id='line_1_126' title="bbox 675 2249 1258 2286; baseline 0 -8"><span class='ocrx_word' id='word_1_761' title='bbox 675 2253 772 2278; x_wconf 80' lang='lat' dir='ltr'>coasto</span> <span class='ocrx_word' id='word_1_762' title='bbox 783 2268 791 2279; x_wconf 81' lang='grc'>,</span> <span class='ocrx_word' id='word_1_763' title='bbox 812 2257 929 2284; x_wconf 86' lang='lat' dir='ltr'>repente</span> <span class='ocrx_word' id='word_1_764' title='bbox 941 2251 1133 2278; x_wconf 86' lang='lat' dir='ltr'>multitudine</span> <span class='ocrx_word' id='word_1_765' title='bbox 1143 2249 1258 2286; x_wconf 74' lang='lat' dir='ltr'>ingenti</span> 
     </span>
     <span class='ocr_line' id='line_1_127' title="bbox 675 2281 1258 2316; baseline -0.003 -6"><span class='ocrx_word' id='word_1_766' title='bbox 675 2284 763 2310; x_wconf 74' lang='lat' dir='ltr'>castra</span> <span class='ocrx_word' id='word_1_767' title='bbox 776 2285 976 2311; x_wconf 86' lang='lat' dir='ltr'>Romanorum</span> <span class='ocrx_word' id='word_1_768' title='bbox 996 2288 1162 2316; x_wconf 86' lang='lat' dir='ltr'>oppugnare</span> <span class='ocrx_word' id='word_1_769' title='bbox 1171 2281 1258 2309; x_wconf 70' lang='lat' dir='ltr'>simul</span> 
     </span>
     <span class='ocr_line' id='line_1_128' title="bbox 675 2314 1257 2348; baseline 0 -7"><span class='ocrx_word' id='word_1_770' title='bbox 675 2317 808 2342; x_wconf 80' lang='lat' dir='ltr'>omnibus</span> <span class='ocrx_word' id='word_1_771' title='bbox 819 2317 910 2348; x_wconf 85' lang='lat' dir='ltr'>portis</span> <span class='ocrx_word' id='word_1_772' title='bbox 919 2315 1036 2348; x_wconf 69' lang='lat' dir='ltr'>agareni</span> <span class='ocrx_word' id='word_1_773' title='bbox 1046 2314 1125 2342; x_wconf 86' lang='lat' dir='ltr'>sunt.</span> <span class='ocrx_word' id='word_1_774' title='bbox 1142 2315 1257 2341; x_wconf 78' lang='lat' dir='ltr'>Summa</span> 
     </span>
     <span class='ocr_line' id='line_1_129' title="bbox 674 2348 1294 2379; baseline -0.003 -5"><span class='ocrx_word' id='word_1_775' title='bbox 674 2348 702 2373; x_wconf 89' lang='lat' dir='ltr'>vi</span> <span class='ocrx_word' id='word_1_776' title='bbox 721 2353 817 2374; x_wconf 82' lang='lat' dir='ltr'>totum</span> <span class='ocrx_word' id='word_1_777' title='bbox 838 2354 929 2374; x_wconf 87' lang='lat' dir='ltr'>unum</span> <span class='ocrx_word' id='word_1_778' title='bbox 940 2349 1016 2375; x_wconf 81' lang='lat' dir='ltr'>diem</span> <span class='ocrx_word' id='word_1_779' title='bbox 1027 2351 1234 2379; x_wconf 64' lang='lat' dir='ltr'>oppugnarunt</span> <span class='ocrx_word' id='word_1_780' title='bbox 1246 2352 1256 2372; x_wconf 74' lang='grc' dir='ltr'><strong><em>ε</em></strong></span> <span class='ocrx_word' id='word_1_781' title='bbox 1291 2373 1294 2377; x_wconf 80' lang='grc'>,</span> 
     </span>
     <span class='ocr_line' id='line_1_130' title="bbox 674 2378 1259 2414; baseline -0.005 -6"><span class='ocrx_word' id='word_1_782' title='bbox 674 2379 717 2408; x_wconf 75' lang='lat' dir='ltr'>ita</span> <span class='ocrx_word' id='word_1_783' title='bbox 737 2385 770 2408; x_wconf 85' lang='lat' dir='ltr'>ut</span> <span class='ocrx_word' id='word_1_784' title='bbox 781 2385 819 2408; x_wconf 75' lang='lat' dir='ltr'>ne</span> <span class='ocrx_word' id='word_1_785' title='bbox 829 2378 968 2409; x_wconf 64' lang='lat' dir='ltr'>exserendi</span> <span class='ocrx_word' id='word_1_786' title='bbox 979 2379 1097 2414; x_wconf 75' lang='lat' dir='ltr'>quidem</span> <span class='ocrx_word' id='word_1_787' title='bbox 1105 2378 1185 2414; x_wconf 67' lang='lat' dir='ltr'>signa</span> <span class='ocrx_word' id='word_1_788' title='bbox 1195 2378 1259 2404; x_wconf 82' lang='lat' dir='ltr'>Ro-</span> 
     </span>
    </p>
   </div>
  </div>
 </body>
</html>
