1414 2655
470 113 502 151 L
531 118 706 150 rfnn'x‘
739 96 868 148 7ῖῖΪῖ

49 159 136 192 etat(
147 162 264 197 crypeis
272 163 356 191 antea
364 161 492 188 Romani
502 161 545 188 ufi
554 162 632 187 sunt.

49 196 164 232 ¹deinde
183 196 328 229 postquam
358 194 539 228 stipendiarii
565 192 634 219 fasti

50 228 146 258 lunt,
160 226 239 255 scuta
263 234 316 260 pro
340 226 448 262 clypeis
473 226 581 252 fecere:
603 225 633 256 8<

79 260 138 287 uod
155 265 238 287 antea
257 258 357 293 pbalan
378 264 406 284 es
424 258 530 284 ssmiles
540 257 635 283 Mace-

54 267 170 319 aonicis
187 307 195 321 ‚
222 292 278 318 hoc
311 298 347 324 po
372 297 403 316 ea
435 288 634 322 manipulatim

57 323 161 351 strusta
180 323 252 351 acies
270 324 358 355 coepit
368 321 429 349 esse.
448 322 592 347 Postremo
602 320 633 346 in

56 356 155 413 glires
175 356 292 381 ordines
310 354 536 381 instruebantur.
560 352 635 379 ordo

91 392 212 420 xagenos
227 387 335 414 milites
351 403 360 416 ‚
388 387 462 413 duos
488 384 635 411 centurio-

58 425 110 446 nes
121 435 129 448 ‚
138 418 320 445 vexillarium
330 425 421 444 unum
429 416 635 454 habebat3pri-

58 457 105 477 rna
128 451 201 478 acies
224 451 325 478 hastati
360 455 442 476 erant
459 466 467 478 ,
494 448 636 483 manipuli

61 483 244 516 quindecim,
261 483 397 510 distantes
419 483 495 508 inter
504 481 532 506 ie
542 480 637 507 modi-

58 521 126 541 cum
135 513 275 549 spatium:
295 514 457 546 manipulus
476 513 550 539 leves
561 512 637 537 vice·

60 552 117 573 nos
134 547 258 575 milites,
274 547 359 573 aliam
384 546 496 572 turbam
514 544 639 570 scutato-

60 584 127 604 rum
136 578 265 605 habebat.
281 579 355 605 leves
365 583 459 605 autem
469 577 518 609 qui
531 576 636 602 hastam

60 613 175 637 tantum
187 610 311 643 gaeiaque
331 614 463 642 gererent
474 625 481 638 ‚
503 608 640 634 vocaban-

61 646 122 669 tur.
141 643 208 669 Haec
227 643 318 674 prima
338 642 419 667 frons
429 642 460 668 in
469 641 529 667 acie
540 640 641 665 florem

59 673 200 707 juvenum
220 674 433 706 pubescentium
453 673 489 699 ad
509 672 641 698 militiam

61 706 193 733 habebat.
213 706 371 733 Robustior
387 706 456 732 inde
467 710 550 732 aetas,
570 705 642 730 toti-

65 738 130 764 dem
139 738 353 771 manipulorum
365 754 373 766 ,
393 738 496 769 quibus
505 735 642 769 principi-

67 769 119 796 bus
127 770 167 797 est
176 776 292 797 nomen,
305 770 357 796 hos
367 768 567 801 sequebantur,
580 766 641 794 scu-

67 801 122 828 tati
139 808 235 828 omnes
246 818 254 830 ‚
280 801 439 834 insignibus
457 801 579 826 maxime
596 806 642 825 ar·

66 833 132 860 mis.
157 834 212 860 hoc
231 834 351 866 triginta
370 833 584 866 manipulorum
611 839 640 857 a-

66 869 149 897 gmen
158 866 339 903 antepilanos
357 865 555 904 appellabant,
574 863 641 895 quia

67 895 121 923 sub
129 897 215 929 signis
225 904 279 926 Jam
289 898 341 924 alii
351 897 514 929 quindecim
523 896 643 931 ordines

66 929 254 956 locabantur:
278 934 312 955 ex
333 929 436 960 quibus
459 929 534 955 ordo
554 927 642 953 unui-

64 960 186 994 quisque
204 966 261 987 tres
279 966 371 993 partes
390 961 520 987 habebat.
545 966 643 986 earum

64 999 292 1027 unamquamque
309 993 429 1025 primum
455 992 545 1025 pilum
564 998 646 1018 voca-

68 1025 147 1052 bant.
175 1025 282 1051 Tribus
305 1032 339 1051 ex
357 1024 469 1052 vexillis
488 1024 643 1050 constabat.

66 1056 203 1084 vexillum
225 1062 340 1083 centum
358 1056 507 1089 ostoginta
527 1055 574 1081 sex
593 1057 644 1081 ho-

71 1089 160 1116 mines
180 1093 269 1115 erant.
289 1088 417 1114 Primum
429 1088 563 1115 vexillum
574 1089 644 1113 tria-

70 1121 129 1148 rios
154 1120 276 1147 ducebat
297 1127 304 1151 ;
332 1126 495 1147 veteranum
520 1120 643 1146 militem

65 1151 86 1178 s
97 1151 193 1179 efflue
220 1152 335 1178 virtutis
354 1161 361 1177 .-
388 1151 544 1179 secundum
568 1156 647 1177 rora-

96 1190 148 1221 osj
166 1183 262 1210 minus
272 1183 387 1210 roboris
396 1189 477 1210 aetate
489 1182 624 1214 fastisque
637 1191 643 1207 τ

67 1220 185 1244 tertium
204 1214 354 1247 accensos3
384 1216 509 1242 mInimae
533 1215 647 1241 fiduciae

69 1254 196 1275 manum.
213 1253 249 1273 eo
273 1247 303 1275 ὃ(
326 1248 356 1274 in
375 1246 541 1278 postremam
561 1248 647 1273 aciem

67 1279 280 1309 reliciebantur.
300 1279 359 1306 Ubi
378 1279 423 1306 his
431 1279 581 1306 ordinibus
601 1284 650 1304 ex-

70 1313 177 1339 ercitus
196 1311 347 1337 instructus
364 1312 431 1338 effer
448 1327 457 1340 ‚
486 1311 588 1338 hastati
615 1318 648 1336 o-

74 1343 185 1371 mnium
194 1343 278 1375 primi
296 1350 332 1375 pu
353 1350 417 1369 nam
428 1344 552 1369 inibant.
568 1343 589 1369 fi
601 1343 648 1368 ha-

77 1374 142 1402 stati
161 1374 316 1409 profligare
356 1375 442 1402 ostem
452 1382 511 1401 non
522 1374 629 1408 pofl‘ent
640 1391 648 1404 ‚

75 1407 147 1442 pede
186 1406 255 1433 resso
272 1414 320 1433 eos
338 1408 549 1434 retrocedentes
561 1408 591 1433 in
604 1407 647 1432 in-

75 1439 164 1467 terval
177 1446 193 1465 a
208 1439 345 1466 ordinum
371 1439 513 1471 principes
534 1439 650 1471 recipie·

76 1471 157 1498 bant.
182 1475 243 1497 tum
267 1471 427 1504 principum
452 1477 547 1509 pugna
570 1475 649 1501 erat;

76 1502 177 1532 hastati
197 1501 224 1529 se
244 1503 395 1529 uebantur.
421 1504 517 1529 triarii
536 1502 587 1529 sub
607 1509 652 1527 ve-

83 1534 162 1561 xillis
170 1541 222 1561 con
236 1535 361 1563 mebant,
372 1534 487 1561 finisti-o
496 1540 577 1561 crure
587 1541 653 1567 por-

79 1564 167 1595 resto,
191 1566 267 1593 scuta
288 1567 388 1593 innixa
402 1566 545 1595 humeris,
565 1566 655 1592 hastas

82 1597 209 1625 subresta
218 1596 330 1631 cuspide
341 1600 369 1625 in
382 1602 458 1624 terra
467 1599 538 1624 fixas
549 1614 557 1627 ‚
576 1598 651 1624 haud

81 1628 159 1661 secus
174 1636 256 1663 quam
275 1630 435 1663 vallosepra
447 1630 607 1656 inhorreret
625 1636 655 1656 a·

78 1661 160 1695 cies,
186 1666 322 1689 tenentes.
360 1662 388 1688 si
414 1662 490 1693 apud
515 1662 655 1695 principes

84 1699 198 1727 quoqne
217 1693 292 1720 haud
309 1692 374 1721 satis
387 1692 516 1726 prospere
527 1694 592 1720 esset
642 1706 655 1711 -

140 1730 199 1753 tum
210 1742 218 1755 ,
232 1723 248 1751 ὲ
259 1725 347 1758 prima
354 1726 414 1752 acie
423 1726 457 1752 ad
467 1725 583 1752 triarios
593 1700 656 1751 ἰξυ-

109 1764 136 1784 m
154 1756 360 1785 referebanmr.
377 1757 446 1783 inde
464 1764 522 1782 rem
540 1758 577 1784 ad
587 1757 656 1784 tria-

78 1789 152 1823 rios,
161 1788 259 1816 redifli:
269 1796 357 1821 quum
368 1790 514 1815 laboratur
524 1805 532 1816 ‚
542 1795 658 1821 prover-

79 1819 130 1848 bio
146 1821 298 1847 increbuit.
326 1821 433 1847 Triarii
445 1818 657 1854 consurgentes,

80 1852 131 1879 nbi
153 1853 183 1879 in
202 1853 351 1879 intervalla
376 1852 513 1879 ordinum
540 1853 657 1879 suorum

82 1884 265 1917 principes&
283 1884 404 1911 hastatos
415 1884 576 1917 recepissent
586 1901 595 1913 ⁷
608 1890 656 1909 ex·

83 1916 194 1948 templo
217 1916 376 1948 compressis
402 1916 553 1943 ordinibus
577 1917 657 1942 velut

80 1947 252 1975 claudebant
270 1948 343 1974 vias:
364 1954 481 1979 unoque
492 1949 659 1975 continente

85 1980 214 2012 agmine,
234 1979 290 2010 jam
311 1980 391 2006 nulla
407 1978 455 2011 spe
490 1980 532 2006 ost
542 1980 638 2006 ‘relicta
649 1997 656 2008 ‚

84 2011 232 2038 inhostem
243 2011 425 2038 incidebant:
452 2012 460 2037 i
488 2018 548 2037 erat
559 2011 659 2038 formi-

83 2043 288 2075 dolofiflimum
307 2043 398 2071 hosti,
415 2049 505 2075 quum
521 2044 598 2069 velut
620 2044 660 2070 vi-

82 2073 146 2110 §tos
163 2074 303 2103 insecuti,
325 2081 427 2101 novam
446 2081 562 2108 repente
570 2075 658 2101 aciem

87 2105 282 2139 exsurgentem
294 2122 302 2134 ,
314 2106 423 2132 austam
435 2113 553 2132 numero
563 2114 660 2133 cerne-

86 2136 166 2165 bant.
193 2138 394 2165 scribebantur
416 2143 511 2164 autem
535 2144 659 2169 quatuor

82 2168 148 2197 ,fere
164 2170 291 2201 legiones
309 2170 406 2202 quinis
435 2170 563 2196 millibus
581 2171 660 2208 pedi-

89 2205 169 2229 tum,
188 2202 334 2234 equitibus
352 2202 382 2228 in
401 2200 524 2232 {inertias
535 2201 661 2233 legiones

88 2233 217 2260 trecenis.
232 2234 354 2259 alterum
375 2239 488 2260 tantum
510 2239 544 2259 ex
553 2236 661 2261 Latino

82 2263 202 2294 ,delestu
218 2265 424 2296 adjiciebatur,
444 2266 494 2296 qui
513 2272 545 2293 ea
557 2272 662 2299 tempe-

81 2294 160 2332 :ssate
176 2296 272 2322 hostes.
281 2303 364 2322 erant
375 2297 511 2323 Romanis
524 2313 532 2324 ‚
549 2298 661 2323 eodem-

91 2332 153 2364 que·
166 2328 270 2354 ordine
281 2328 476 2354 instruxerant
484 2330 569 2354 aciem
583 2337 588 2353 t
610 2335 662 2355 nec

90 2358 194 2386 vexilla
201 2366 263 2386 cum
273 2360 385 2386 vexillis
394 2366 509 2387 tantum
519 2376 527 2386 .
538 2360 663 2386 universi

211 2397 276 2419 cum
285 2392 417 2422 hastatis.
437 2392 578 2425 principes
598 2399 662 2420 cum

108 2451 122 2459 .a

714 158 722 165 .
764 159 772 165 .
797 160 802 165 .
1084 153 1094 161 .
1193 119 1260 157 ι79

680 160 859 193 principibus
871 163 880 189 ς
906 153 955 182 sed
980 154 1115 193 qentugio
1140 159 1256 188 quoque

680 198 745 217 cum
772 190 952 216 centurione,
977 187 998 213 n
1016 188 1133 213 ordines
1149 188 1260 214 turbati

682 230 742 249 non
763 222 850 249 essent
862 238 871 251 ‚
886 219 1117 248 concurrendum
1134 218 1187 245 fibi
1205 218 1258 246 effe

679 252 793 281 sciebat.
821 256 889 280 Duo
912 251 1053 285 primipili
1075 256 1113 277 ex
1136 256 1261 282 utraque

679 287 739 313 acie
750 286 828 311 inter
847 284 964 312 triarios
972 288 1073 310 erant:
1102 284 1263 310 Romanus,

680 324 800 350 corpore
821 318 1039 348 haudquaquam
1057 314 1124 341 satis
1135 314 1246 341 validus
1256 328 1267 343 .

680 356 813 376 caeterum
831 349 963 375 strenuus
979 348 1024 373 vir
1034 346 1199 380 peritusque
1210 345 1263 372 ml·

681 382 773 409 litiae:
790 379 1048 407 latinus‚viribus
1067 379 1187 417 ingens,
1205 377 1267 403 bele

680 414 757 440 lator
778 419 815 439 ue
832 412 941 444 primus
955 420 961 437 :
978 410 1118 437 notissxmi
1129 411 1206 436 inter
1216 408 1244 435 se
1255 425 1265 438 ‚

683 445 751 476 quia
774 445 869 477 'emper
881 450 961 475 pares
970 443 1087 470 ordines
1103 442 1260 468 duxerant.

684 478 819 504 Romano
838 476 915 503 haud
935 473 1002 501 satis
1020 474 1124 501 fidenti
1135 473 1245 508 viribus
1260 488 1270 502 ‚

682 509 740 539 jam
753 510 853 536 Romae
870 507 1030 540 permissum
1041 511 1102 532 erat
1112 506 1147 532 ab
1163 507 1266 532 coniu-

685 541 771 568 libus,
782 545 813 567 ut
821 539 1073 566 subcenturionem
1083 537 1136 564 fibi
1147 555 1154 567 ,
1176 540 1262 569 quem

687 573 783 602 vellet,
808 573 933 603 legeret,
953 571 1002 603 qui
1027 575 1172 596 tutaretur
1188 575 1262 606 *eum

683 605 719 630 ab
737 612 798 631 uno
819 604 961 630 destinato
978 602 1068 629 hoste.
1095 602 1267 633 isquemve-

686 637 734 663 nis
749 637 778 663 in
789 637 848 665 acie
856 636 1019 664 oblatus‚ex
1028 635 1198 661 centurione
1206 634 1264 659 La-

686 669 752 695 tino
770 668 919 695 victoriam
937 667 1019 693 tulit.
1045 666 1208 699 Pugnatum
1223 664 1265 691 est

685 700 763 727 haud
784 700 884 733 procul
905 699 1046 725 radicibus
1055 698 1172 724 Vesuvii
1181 703 1267 723 mou·

687 734 734 762 tis,
744 740 801 766 qua
811 732 854 758 via
862 731 896 758 ad
908 730 1036 757 Veserim
1044 730 1163 765 ferebat.
1219 760 1228 767 ι

722 766 793 796 cap.
812 765 871 790 IX.
889 763 1014 789 Romani
1034 761 1166 788 coniules
1183 766 1265 793 prius

687 801 772 827 quarn
788 796 944 823 educerent
960 795 992 820 in
1012 795 1099 820 aciem
1111 810 1120 823 ,
1138 792 1267 818 immola-¹

685 834 802 855 verunt.
819 827 909 854 Decio
918 825 1147 859 capurjecinoris
1157 823 1173 851 a
1183 824 1267 850 fami--

687 859 751 886 liari
770 866 850 891 parre
868 858 968 885 cresum
984 859 1105 889 aruspex
1115 858 1224 883 dicitur
1234 863 1265 883 o·

689 890 835 918 stendiffe:
856 890 969 921 alioqui
989 894 1130 922 acceptam
1140 889 1204 915 Diis
1213 888 1265 912 ho-

687 924 769 950 stiam
787 922 848 950 esse,
869 923 1012 949 Manlium
1028 921 1150 960 ‚egregie
1167 920 1268 947 litasse,

688 956 787 987 Atqui
797 956 863 980 bene
871 954 953 980 hahet
963 971 971 982 ,
990 954 1087 985 inquit
1101 953 1205 979 Decius
1215 969 1224 980 ‚
1245 950 1268 983 ft

687 989 724 1015 ab
734 988 798 1013 colle
817 993 835 1012 a
844 986 963 1012 litatum
972 985 1186 1019 est.1nstruffis‚
1198 984 1272 1010 ficut

688 1026 756 1047 ante
765 1021 794 1046 di
825 1026 873 1045 um
883 1019 922 1044 est
932 1035 940 1046 ‚
960 1018 1121 1046 ordinibus,
1132 1015 1269 1049 procefl‘e.

689 1053 761 1079 rein
771 1052 869 1077 aciem.
889 1050 1017 1077 Manlius
1035 1050 1151 1078 dextro,
1162 1049 1268 1075 Decius

689 1085 761 1111 laevo
782 1090 872 1111 cornu
894 1086 1022 1114 praeerat.
1051 1082 1145 1113 primo
1163 1080 1271 1106 utrim-

691 1124 746 1149 que
758 1116 844 1148 aequis
856 1115 972 1142 viribus,
982 1114 1081 1139 eodem
1091 1113 1194 1139 ardore
1206 1112 1266 1138 ani-

690 1156 802 1175 morum
813 1148 963 1179 gerebatur
975 1152 1036 1171 res:
1060 1145 1163 1171 deinde
1173 1145 1208 1170 ab
1222 1145 1270 1170 lte-

689 1188 725 1206 vo
743 1187 833 1206 cornu
856 1178 959 1205 hastati
979 1177 1122 1207 Romani,
1145 1182 1205 1202 non
1228 1174 1271 1211 fe-

690 1218 785 1239 rentes
807 1211 1015 1241 impressionem
1035 1210 1207 1235 Latinorum
1238 1210 1269 1233 ie

687 1245 723 1271 ad
734 1245 874 1277 principes
892 1249 954 1270 rece
972 1249 1027 1268 ere.
1042 1244 1075 1268 ln
1086 1241 1137 1266 hac
1146 1239 1272 1272 trepida·

688 1277 770 1303 tione
780 1276 885 1302 Decius
892 1282 947 1301 con
962 1275 993 1301 ul
1002 1275 1045 1300 M.
1057 1272 1205 1299 valerium
1214 1277 1275 1298 tna-1

690 1315 747 1341 gna
758 1315 824 1334 voce
834 1308 968 1334 inclamat
979 1314 985 1332 :
998 1305 1121 1332 Deorum
1130 1323 1138 1333 .
1157 1303 1270 1335 inquit.

693 1345 749 1372 ope.
772 1339 887 1367 Valeri,
908 1342 977 1372 ops-{s
995 1338 1041 1370 ςβ.
1065 1337 1182 1370 agedum
1200 1339 1269 1368 pon-

694 1371 771 1404 tJ'fcx
787 1371 919 1406 publicas
936 1369 1033 1403 populi
1058 1368 1182 1394 Romam·
1202 1364 1270 1399 praei

694 1405 786 1429 verba
798 1421 805 1432 ‚
823 1402 929 1435 quiem
938 1409 978 1427 me
986 1406 1033 1435 pro
1045 1400 1202 1433 legio-aim
1222 1398 1265 1424 de-

691 1441 825 1461 voveam.
844 1433 982 1460 Pontifex
1008 1440 1071 1460 eum
1090 1438 1185 1464 togam
1203 1437 1272 1469 prze—

694 1472 799 1495 teXtam
821 1468 929 1494 sumere
944 1466 1023 1498 justit
1033 1482 1041 1493 ‚
1056 1464 1188 1491 &velato
1199 1469 1278 1496 capi·

695 1505 723 1526 te
734 1507 819 1526 manu
828 1499 923 1526 subter
934 1503 1027 1530 togam
1038 1497 1073 1523 ad
1083 1501 1211 1522 mentum
1222 1500 1273 1521 ex-

692 1538 753 1559 erta
766 1548 774 1559 ,
795 1532 879 1561 super
897 1531 987 1557 telum
1017 1527 1172 1557 subjeetum
1195 1526 1275 1563 nedi-

693 1564 746 1589 bus
757 1565 875 1591 stantem
883 1563 921 1588 fic
931 1562 1043 1599 dicere‘:
1061 1559 1144 1598 June
1155 1577 1162 1587 .
1182 1559 1275 1593 Jupi-

695 1600 747 1622 ter,
758 1597 846 1622 Mars
861 1599 939 1626 pater
950 1610 957 1623 ,
980 1593 1102 1625 erzne
1113 1609 1122 1621 ,
1142 1592 1273 1619 Bellona.

699 1627 792 1653 Lares
804 1644 813 1657 ,
832 1626 907 1654 Divi
919 1624 1104 1657 Novensiles,
1122 1624 1175 1651 Dii
1195 1622 1274 1648 indi-

690 1663 769 1692 getes
781 1676 788 1688 ‚
811 1658 884 1685 Dim·
897 1675 904 1685 ‚
914 1663 1032 1690 quorum
1040 1656 1075 1693 esi·
1082 1655 1205 1694 poteslas·
1225 1660 1276 1680 no-

689 1691 813 1724 strorum
824 1709 831 1721 ,
842 1690 1022 1722 humumque,
1035 1688 1142 1721 thque
1154 1688 1274 1716 Manes,

698 1729 752 1748 vos
761 1728 852 1756 precor
863 1740 870 1752 ,
881 1727 999 1747 ‘ueneror
1008 1738 1016 1750 ,
1025 1720 1143 1746 vmiam
1155 1723 1214 1753 peto
1227 1718 1275 1750 fe-

695 1761 781 1786 roque
791 1772 798 1783 ,
810 1755 857 1780 uti
866 1752 963 1787 populo
974 1753 1099 1778 Romano
1112 1751 1275 1784 Qiritium

697 1787 761 1812 vim
784 1786 937 1812 vicariam
959 1791 991 1810 ue
1016 1790 1062 1818 pro
1093 1785 1176 1810 eretis
1191 1792 1200 1810 .-
1228 1782 1279 1808 ho-

690 1817 802 1851 stefique
824 1818 920 1851 populi
975 1816 1068 1844 omani
1092 1815 1254 1849 Qiritium
1265 1832 1277 1844 ‚

699 1854 810 1878 terrore,
830 1848 1000 1879 muninime,
1020 1854 1160 1882 morteque
1168 1846 1276 1880 afficia-

700 1882 751 1908 tis.
768 1883 849 1909 Sicut
863 1881 961 1916 [verbis
970 1881 1140 1916 nuncupa-vi
1150 1897 1158 1910 ,
1168 1880 1213 1906 ita
1227 1882 1277 1916 Ps⁰

702 1914 845 1944 republica
855 1912 1027 1942 kgiteiritium.
1038 1914 1163 1939 exercitu
1174 1929 1182 1939 ‚
1192 1910 1225 1936 le:
1236 1917 1278 1941 zo,-

702 1945 797 1973 nibus.
814 1944 941 1971 auxiliis
955 1945 1052 1978 populi
1068 1944 1193 1971 Romani
1204 1942 1277 1973 Qu*-

702 1977 804 2004 ritium
814 1995 821 2007 ‚
832 1978 923 2007 lerion
930 1983 952 2002 ‘s
965 1977 1138 2010 auxiliaque
1148 1975 1277 2007 hostium,

705 2016 809 2035 mecum
819 2025 827 2038 ‚
845 2002 911 2036 Diis
921 2008 1055 2035 manibus
1064 2008 1221 2041 Tellurique
1231 2008 1279 2033 cie·

702 2046 804 2067 voveo.
822 2043 887 2068 Hrec
899 2042 938 2067 ita
949 2048 1076 2073 precatus
1087 2059 1096 2071 ‚
1115 2041 1227 2067 listores
1237 2040 1281 2065 ire

703 2074 738 2099 ad
764 2075 801 2098 T.
822 2074 964 2100 Manlium
982 2074 1063 2104 jubet
1076 2082 1082 2099 :
1109 2076 1279 2102 matureque

702 2105 816 2137 collegae
827 2106 854 2131 se
862 2107 998 2141 devotum
1006 2113 1060 2137 pro
1065 2104 1195 2139 exercitu
1204 2108 1282 2129 nun-

706 2138 791 2164 ciare.
817 2139 880 2169 Ipie
909 2138 1049 2164 incinstus
1077 2136 1174 2163 cinstu
1191 2136 1282 2164 Gaui-

706 2177 746 2195 no
766 2186 774 2199 ,
802 2175 927 2195 armatus
958 2169 987 2195 ln
1016 2176 1121 2200 equum
1147 2168 1261 2195 inliluir
1272 2184 1281 2196 ψ

705 2208 736 2227 ac
747 2200 816 2227 sein
828 2202 934 2227 medios
947 2200 1038 2228 hostes
1048 2200 1176 2228 immisit.
1202 2202 1281 2226 Con-

706 2232 815 2265 spectus
823 2234 857 2259 ab
869 2239 991 2265 utraque
998 2235 1058 2261 acie
1070 2234 1224 2266 aliquanto
1231 2238 1282 2260 aur

705 2265 813 2296 gussior
823 2266 948 2291 humano
962 2266 1022 2291 vilu
1033 2282 1041 2293 .
1053 2265 1125 2292 ficut
1134 2266 1208 2292 coelo
1219 2262 1288 2301 mis·
1304 2274 1306 2277 ·

710 2297 754 2323 sus
765 2298 904 2329 piaculum
914 2298 1008 2323 omnis
1017 2299 1142 2324 Deorum
1155 2298 1204 2323 irae
1213 2313 1221 2324 ‚
1230 2297 1283 2326 uui

710 2329 810 2359 pestem
829 2330 865 2353 ab
883 2328 939 2354 suis
954 2328 1074 2355 aversam
1085 2331 1114 2356 in
1126 2329 1218 2355 hostes
1227 2328 1287 2355 fer-

709 2365 762 2386 ret.
782 2361 826 2385 ita
835 2361 928 2396 omnis
938 2366 1031 2387 terror
1042 2378 1048 2387 .
1069 2368 1210 2393 pavorque
1219 2367 1285 2387 cum

708 2393 762 2420 ilio
776 2392 877 2451 latus&1
894 2393 974 2452 gena
997 2393 1088 2426 primo
1107 2394 1279 2421 Latinorum

1221 2430 1277 2452 tut-
