1414 2655
162 134 231 172 ²40

160 174 321 204 eademque
345 170 392 198 die
409 166 569 204 Aquilonia
586 169 616 198 st
637 172 737 198 comi-

626 126 674 159 Τ.
719 125 916 160 Ltvtt

789 171 864 198 diem
882 170 1002 199 eandem
1021 171 1171 201 fortunam
1187 187 1198 204 ‚
1215 177 1299 208 mum
1318 176 1368 205 sa-

158 205 242 233 nium
258 204 469 237 deflagravere:
488 203 518 231 St
536 201 665 230 consules
673 209 737 229 cum
789 203 934 234 mnitium,
944 204 1018 232 fore.
1037 206 1361 240 segniustamemquod

156 237 356 272 gratulatione
384 241 483 262 mutua
507 235 653 268 legionum
675 234 737 262 sua-

182 275 235 298 ue,
252 268 341 295 castra
360 268 550 299 conjunxere.
574 267 608 293 ln
617 266 734 298 conspe-

189 307 209 328 u
227 301 353 328 duorum
364 300 540 326 exercituum
549 298 578 325 Se
591 299 736 326 carvilius

156 331 225 360 suos
244 339 296 365 pro
315 331 454 364 cujusque
472 330 578 357 merito
595 331 733 359 laudavit,

155 364 336 396 donavitque
350 369 358 394 ;
375 363 404 390 Sc
414 363 551 396 Papirius,
561 363 637 394 apud
648 370 732 396 quem

159 396 315 429 multiplex
335 395 365 420 in
377 395 436 422 acie
448 411 456 423 ,
473 395 547 420 circa
557 394 644 420 castra
655 411 663 422 ,
680 395 734 420 cir-

153 433 188 455 ca
197 428 295 454 urbem
306 443 315 457 ‚
330 425 426 453 fuerat
434 433 586 453 certamen,
598 427 643 461 Sp:
656 427 734 452 Nau-

157 459 234 486 tium
247 475 255 488 ,
274 461 320 491 Sp.
333 459 477 489 Papirium
489 475 496 486 .
516 457 615 484 fratris
625 458 729 486 filium,

156 489 188 518 ἃ
198 495 323 524 quatuor
332 491 514 516 centuriones
524 505 532 517 ‚
544 489 735 521 manipulum-

154 528 213 554 que
233 522 426 552 hastatotum,
443 521 566 547 armillis
586 521 735 553 aureisque

155 554 275 580 coronis
292 553 432 580 donavit:
455 553 596 579 Nautium
617 558 735 585 propter

155 585 371 617 expeditionem
389 601 398 614 ‚
425 591 481 617 qua
499 585 594 616 magni
614 584 735 616 agminis

157 617 247 643 modo
256 621 399 643 terruerat
409 616 500 642 hostes
512 623 520 640 .·
538 617 670 647 juvenem
684 616 734 642 1‘2—

157 648 267 681 pirium
278 664 286 674 2
305 653 419 682 propter
436 653 565 674 navatam
573 655 638 674 cum
649 649 732 679 equi·

156 684 222 707 tatu
239 680 268 708 Sc
285 679 316 706 in
337 680 435 712 praelio
454 685 570 710 operam
581 695 588 706 2
605 679 635 705 8<
652 680 735 704 noste

154 718 214 744 qua
242 711 337 744 fugam
356 710 487 737 infestam
506 711 681 746 samnitibus
699 711 734 737 ab

158 743 322 775 Aquilonia
339 744 410 770 clam
432 743 543 774 earessis
562 742 650 769 fecit:
670 749 736 769 cen-

154 776 289 803 turiones
306 791 314 804 ‚
341 774 502 807 militesque
523 790 532 802 ‚
561 775 630 805 quia
649 775 733 806 primi

156 812 270 840 portam
288 813 460 838 murumque
479 805 645 840 Aquiloniae
654 813 733 837 cepe·

153 844 231 866 rant.
244 839 354 871 equites
363 844 458 864 omnes
466 838 503 863 ob
515 838 652 867 insignem
663 838 738 863 mul-

153 872 191 898 tis
210 871 282 897 locis
293 877 424 902 operam,
439 869 596 896 corniculis
604 870 737 896 armillis-

176 909 213 928 ue
233 909 263 928 ar
284 902 376 929 enteis
396 902 497 927 donat.
517 902 678 926 Conlilium
692 901 736 926 in-

153 909 191 961 ge
211 934 264 960 hab
279 940 339 960 tum
376 939 465 965 quum
484 934 541 963 jam
552 938 662 971 tempus
672 932 736 959 csi‘ct

156 965 321 992 deducendi
338 949 373 990 ab
391 965 507 990 samnio
527 970 669 991 exercitus
686 971 736 991 aut

158 995 332 1029 utriusque,
349 1001 400 1022 aut
411 1001 487 1022 certe
495 997 626 1023 alterius.
652 997 737 1028 Opti-

159 1035 239 1055 mum
249 1028 349 1055 visum.
363 1035 421 1060 quo
433 1028 520 1060 magis
529 1027 624 1053 fractae
637 1034 679 1054 res
689 1029 736 1053 Sa-

162 1060 300 1086 mnitium
316 1059 452 1089 essent‚eo
463 1059 678 1095 pertinacius&
692 1061 738 1086 in-

159 1091 260 1118 festius
268 1098 351 1123 agere
360 1097 458 1118 caetera
469 1108 477 1120 ‚
488 1091 517 1118 δε
527 1094 622 1121 perieq
628 1092 657 1117 ui
670 1097 676 1115 :
700 1096 734 1117 ut

154 1123 351 1156 perdomitum
363 1123 507 1148 Samnium
518 1121 738 1154 insequentibus

156 1154 326 1182 consulibus
337 1155 413 1182 tradi
424 1153 521 1186 posset.
539 1154 663 1185 Qando
676 1154 735 1185 iam

156 1187 261 1213 nullus
281 1184 343 1220 ε’[Ῑὲῑ
352 1185 470 1218 lamium
480 1186 630 1214 exercitus,
641 1186 739 1218 quist-

151 1219 223 1252 gm's
241 1219 354 1244 collatis
371 1218 563 1243 dimicaturus
579 1217 737 1246 videretur,

155 1255 247 1276 umam
261 1246 400 1283 super-effe
418 1248 482 1275 belli
497 1253 588 1281 genus
600 1249 736 1278 ,urbium

153 1282 378 1320 oppugnationes
386 1288 401 1311 ,-
420 1286 544 1313 quarum
578 1286 606 1306 cr
624 1280 739 1306 excidia

162 1313 285 1340 militem
305 1313 472 1346 locupletare
490 1317 546 1344 prae
565 1317 585 1336 a
604 1328 613 1341 ‚
634 1318 671 1344 (9-
690 1311 738 1337 ho-

153 1345 227 1379 stem
256 1350 304 1380 pro
333 1346 393 1371 aris
412 1349 445 1370 ac
458 1342 536 1376 focis
552 1344 736 1369 dimicantem

157 1377 289 1408 conficere
307 1373 422 1411 pqfflnt.
449 1377 550 1407 ltaque
570 1376 662 1402 literis
671 1375 739 1401 mis-

154 1409 195 1436 sis
211 1410 248 1436 ad
270 1409 399 1436 senatum
419 1408 615 1440 populumque
634 1409 739 1442 Roma-

158 1446 229 1467 num
248 1441 284 1468 de
301 1442 385 1468 rebus
404 1440 440 1466 ab
459 1439 487 1465 se
497 1439 581 1474 gestis
591 1455 600 1468 ‚
614 1439 717 1465 diversi
729 1456 738 1468 ,

157 1472 291 1506 Papirius
308 1473 345 1500 ad
363 1472 497 1504 Sepinum
508 1487 517 1500 ,
538 1471 684 1497 Carvilius
701 1472 739 1497 ad

158 1505 303 1532 Volanam
312 1504 533 1539 oppugnandam
544 1503 671 1536 legiones
684 1503 738 1530 du-

156 1542 241 1566 cunt.

193 1570 263 1600 cap.
291 1569 316 1593 X
336 1568 362 1593 1.
381 1567 420 1592 V.
454 1567 559 1594 Literae
575 1565 737 1594 consulum,

162 1599 277 1634 ingenti
295 1599 398 1627 laetitia
420 1615 428 1627 ,
456 1599 485 1627 &
504 1599 536 1625 in
556 1600 636 1625 curia
655 1599 684 1625 ὃς
703 1600 737 1624 in

155 1633 297 1660 concione
316 1632 433 1658 auditae.
450 1631 481 1657 &
499 1631 649 1663 quatridui
669 1630 738 1662 sup-

156 1664 313 1695 plicatione
330 1663 476 1696 publicum
495 1663 632 1695 gaudium
643 1662 736 1694 priva-

156 1697 205 1723 tis
214 1696 315 1722 studiis
334 1695 506 1721 celebratum
517 1695 566 1719 est.
587 1701 638 1720 nec
648 1700 738 1726 popu-

158 1727 192 1754 lo
213 1729 346 1754 Romano
366 1732 465 1759 magna
483 1725 576 1753 solum
588 1743 596 1755 ,
612 1725 662 1752 sed
674 1732 738 1757 per-

156 1764 325 1792 opportuna
353 1760 438 1785 etiarn
458 1764 490 1784 ea
509 1758 629 1784 vici-oria
650 1757 711 1783 fuit
729 1773 738 1786 ,

181 1793 231 1818 uia
251 1797 299 1823 per
317 1791 391 1816 idem
405 1791 481 1816 forte
489 1795 600 1822 tempus
611 1788 740 1815 rebellas-

172 1830 187 1849 ε
208 1822 342 1849 Etruscos
361 1823 480 1848 allatum
498 1822 547 1847 est.
565 1822 682 1847 Subibat
692 1828 739 1847 co-

179 1855 266 1881 itatlo
283 1855 428 1882 animum,
464 1860 569 1880 uonam
588 1853 676 1880 modo
695 1858 739 1879 to·

191 1887 288 1913 rabilis
318 1886 419 1912 fututa
467 1885 556 1912 truria
574 1884 670 1911 fuisset
690 1900 699 1913 ‚
716 1885 739 1910 ii

157 1919 232 1950 quid
244 1919 274 1945 in
285 1919 397 1944 Samnio
408 1917 514 1943 adverti
526 1916 651 1945 venisset,
665 1923 738 1949 quae,

158 1950 364 1981 coniuratione
375 1950 545 1975 Samnitium
556 1949 656 1984 erecta,
667 1955 739 1979 quo·

158 1982 238 2008 niam
258 1983 341 2008 ambo
359 1981 489 2008 consules
507 1980 658 2012 omnisque
680 1981 741 2006 Ro-

158 2019 244 2040 mana
263 2014 304 2040 vis
321 2013 415 2039 aversa
436 2014 465 2038 in
488 2014 631 2038 Samnium
650 2011 716 2038 esset
729 2028 736 2040 ,

158 2046 378 2076 occupationem
405 2045 501 2076 populi
534 2044 657 2070 Romani
687 2050 740 2075 pro

157 2077 306 2104 occasione
316 2077 472 2103 rebellandi
484 2074 632 2102 habuisset.
650 2076 740 2108 Lega-

155 2109 252 2136 tiones
264 2109 413 2136 sociorum
430 2107 446 2133 ὲ
463 2109 505 2134 Μ.
519 2108 627 2134 Attilio
637 2114 739 2139 praeto-

154 2145 188 2166 re
207 2140 238 2166 ln
258 2139 388 2168 senatum
410 2139 583 2165 introduffiae
602 2156 609 2167 ‚
637 2146 738 2170 quere-

155 2172 281 2200 bantur,
301 2173 345 2198 uti
364 2173 394 2200 8<
413 2171 513 2197 vastari
529 2170 635 2196 :torosa
646 2171 739 2198 finiti-

157 2204 212 2230 mis
234 2204 362 2231 Etruscis
373 2222 380 2233 ,
398 2203 476 2236 quod
495 2192 647 2229 desEiscere
658 2200 673 2227 ὲ
683 2209 734 2233 po·

154 2236 229 2268 pulo
253 2237 384 2262 Romano
409 2235 532 2260 nollent.
552 2233 737 2270 Obtestaban-

155 2272 263 2298 turque
283 2268 379 2294 Patres
389 2266 563 2298 conscriptos
574 2281 582 2293 ,
599 2272 633 2291 ut
643 2268 672 2291 ie
682 2273 697 2290 a
707 2267 735 2292 vi

154 2303 243 2330 atque
263 2299 372 2329 injuria
393 2298 587 2325 communium
611 2297 735 2323 hostium

155 2332 335 2356 tutarentur.
353 2329 531 2362 Responsum
540 2329 658 2359 leuatis,
676 2330 736 2364 §u-

155 2367 192 2396 rje
212 2361 325 2388 senatui
345 2361 498 2391 futurum,
518 2367 553 2386 ne
563 2357 656 2387 socios
665 2361 736 2388 lidei

153 2394 214 2423 lua
232 2395 401 2427 poeniteret.
425 2391 614 2423 Etruscorum
634 2398 738 2428 prope·

784 235 820 261 ad
835 237 980 263 Etruriam
989 237 1131 266 attinebat
1139 253 1149 268 ‚
1165 237 1227 264 asta
1235 245 1280 265 res
1289 241 1367 271 effet.

787 267 818 292 nl
837 267 965 295 Faliscos
985 275 1120 301 quoque,
1138 270 1187 303 qui
1199 272 1367 303 permultos

786 305 879 326 annos
896 300 927 326 in
947 301 1074 327 amicitia
1091 301 1226 331 fuerant,
1243 302 1365 333 anatum

787 330 863 366 soret
874 347 883 361 ,
900 338 978 358 arma
996 331 1126 359 Etruscis
1142 333 1274 363 iunxisse.
1300 336 1374 362 Hit--

784 369 831 393 Jus
852 364 1050 401 propinquitas
1070 366 1169 397 populi
1178 365 1257 391 acuit
1265 371 1372 394 cutam:

788 394 921 422 Patribus
938 411 946 424 ‚
966 401 999 422 ut
1019 396 1132 423 feciales
1149 397 1307 424 mittendos
1325 398 1364 426 ad

783 432 828 452 res
836 428 1002 457 repetendas
1012 427 1169 454 censerent.
1185 429 1291 460 quibus
1302 435 1366 457 non

784 458 906 484 redditis
920 475 928 486 ,
945 465 981 485 ex
991 460 1162 486 auctoritate
1173 460 1289 486 Patrum
1301 460 1364 492 jus-

782 488 815 515 su
837 489 938 526 popuii
959 491 1065 519 bellurn
1083 491 1200 518 Faliscis
1219 492 1364 519 indictum

784 521 844 546 est:
864 521 986 554 iustique
1006 523 1137 549 consules
1156 523 1276 552 sortiri,
1292 529 1362 551 uter

784 559 820 578 ex
830 554 945 580 samnio
955 554 986 579 in
999 555 1146 581 Etruriam
1157 561 1221 582 cum
1231 556 1364 584 exercitu

785 584 929 611 transiret.
970 592 1013 611 ain
1032 586 1177 613 cai-vilius
1196 587 1360 617 Volanam‚

783 615 812 642 &
826 616 1027 654 Palumbinum
1037 634 1046 648 ‚
1063 618 1093 644 δε
1104 618 1314 646 Herculaneum
1325 625 1363 647 ex

784 648 960 675 samnitibus
977 655 1105 681 ceperat:
1130 650 1272 676 Volanam
1281 651 1362 678 intra

782 686 886 712 paucos
895 680 956 706 dies
965 696 974 709 ,
985 681 1183 707 Palumbinum
1192 682 1293 708 eodem
1303 689 1365 715 quo

783 711 819 736 ad
838 718 937 738 muros
953 712 1072 739 acceflit.
1094 714 1139 739 Ad
1148 714 1360 742 Herculaneum

784 743 826 768 bis
844 744 930 769 etiam
940 745 1027 777 lignis
1038 745 1150 771 collatis
1158 747 1278 777 ancipiti
1289 744 1360 778 prie-

784 775 848 802 Ιίο,
866 775 896 811 ὃς
916 781 980 801 cum
997 778 1105 806 majore
1129 775 1180 803 sua
1219 784 1285 803 uam
1309 778 1362 804 ho-

785 806 869 832 stium
881 807 1203 842 iactura-dimicavitssa
1216 809 1269 835 tris
1279 810 1364 836 dein-

784 838 819 863 de
832 839 940 869 politis,
957 840 1100 866 moenibus
1109 840 1216 866 hostem
1230 841 1361 868 inclulit.

784 872 1362 935 ifffpuiss³‘?siitsspp{1‘ss¹ssfflfis‘issfflss‘qffii

783 932 848 959 caesa
867 949 876 962 ‚
903 934 940 960 ad
966 935 1062 960 decem
1082 935 1172 961 millia
1190 935 1362 962 hominum:

783 965 838 994 ita,
859 970 894 992 ut
903 972 1007 999 pavore
1015 966 1169 992 admodum
1180 967 1274 999 plures
1283 973 1364 999 cape-

784 1002 895 1022 rentur.
914 998 1107 1024 sortientibus
1125 999 1285 1030 provincias
1294 1005 1365 1026 con-

784 1028 893 1054 sulibus
904 1045 912 1058 ‚
932 1030 1052 1055 Etruria
1063 1030 1192 1057 Carvilio
1201 1031 1307 1059 evenit,
1319 1029 1364 1059 se->

782 1061 911 1097 cundum
929 1066 995 1087 vota
1014 1061 1161 1090 militum,
1179 1062 1229 1094 qui
1242 1062 1298 1088 vim
1308 1061 1362 1089 fri-

783 1093 862 1124 goris
882 1098 939 1122 iarn
962 1093 993 1119 in
1011 1094 1127 1119 samnio
1144 1100 1205 1119 non
1216 1094 1374 1126 patieban-⁴

785 1129 844 1149 tur.
864 1124 980 1156 Papirio
999 1124 1035 1150 ad
1055 1125 1190 1156 Sepinum
1207 1125 1299 1156 major
1322 1126 1364 1154 vis

784 1155 908 1181 hostium
925 1155 1038 1182 resistit.
1065 1156 1136 1188 saepe
1162 1158 1192 1183 in
1208 1157 1268 1182 acie
1286 1173 1295 1186 ‚
1313 1156 1362 1183 sae-

783 1193 818 1244 ge
835 1188 866 1213 in
885 1188 1016 1219 agmine,
1034 1187 1104 1220 saepe
1119 1188 1194 1215 circa
1212 1189 1221 1214 i
1243 1187 1299 1214 sam
1309 1195 1362 1215 ur-

802 1225 844 1244 em
856 1217 989 1246 adversus
998 1220 1166 1251 eruptiones
1173 1221 1211 1246 ho
1238 1220 1298 1246 ium
1309 1227 1363 1252 pu-

783 1256 922 1308 Fnatum:
941 1257 1034 1283 neque
1043 1252 1154 1278 oblidio
1171 1269 1180 1281 ,
1199 1258 1291 1284 neque
1302 1252 1363 1278 bel-

796 1288 843 1307 um
861 1288 897 1308 ex
917 1289 999 1314 aequo
1017 1288 1096 1310 erat:
1112 1289 1172 1308 non
1183 1283 1260 1309 enim
1271 1284 1364 1310 muris

785 1313 872 1345 magis
890 1312 918 1339 se
938 1315 1075 1341 Samnites
1090 1331 1100 1343 .
1120 1321 1206 1346 quarn
1225 1315 1312 1342 armis
1329 1321 1364 1342 ac

789 1345 858 1371 viris
887 1347 994 1372 moenia
1017 1346 1197 1372 tutabantur.
1230 1346 1362 1374 Tandem

785 1377 942 1410 pugnando
955 1378 986 1404 in
999 1377 1178 1404 obsidionem
1186 1378 1289 1409 justam
1299 1377 1366 1405 co&-

785 1410 829 1441 git
848 1409 940 1435 hostes
954 1416 960 1435 :
977 1409 1192 1441 obsidendoque
1203 1425 1211 1439 ‚
1230 1411 1259 1436 vi
1275 1414 1366 1442 atque

785 1441 920 1472 operibus
939 1441 1037 1467 urbem
1065 1442 1249 1474 expugnavit.
1274 1448 1305 1469 at
1326 1447 1364 1470 ue

784 1473 819 1508 ab
837 1473 880 1498 ita
900 1473 965 1504 plus
973 1473 1056 1500 caedis
1065 1474 1176 1500 editum
1185 1479 1265 1507 capta
1273 1481 1308 1500 ur
1353 1482 1363 1501 ε

782 1507 891 1537 leptem
908 1505 1000 1531 millia
1008 1505 1212 1538 quadringenti
1223 1505 1301 1532 caefi:
1320 1511 1375 1533 ca-

784 1542 832 1568 pta
841 1537 937 1563 minus
947 1538 1003 1563 tria
1012 1536 1107 1562 millia
1115 1537 1264 1564 hominum
1277 1544 1283 1563 :
1296 1545 1370 1568 prz-

785 1569 821 1595 da
832 1584 840 1597 ‚
861 1575 924 1600 quae
935 1569 1057 1600 plurima
1069 1567 1128 1594 fult
1139 1584 1148 1596 ,
1167 1569 1307 1602 congestis
1318 1570 1370 1595 sa-

785 1600 921 1626 mnitium
933 1600 1016 1627 rebus
1026 1601 1058 1627 in
1068 1601 1151 1628 urbes
1160 1600 1364 1634 paucas,miutt

787 1631 912 1658 concessa
920 1631 970 1658 est.

818 1665 888 1694 Cap.
913 1665 939 1688 Χ
950 1664 1011 1689 LV
1022 1664 1048 1689 1.
1084 1663 1172 1690 Nives
1189 1665 1246 1695 jam
1266 1664 1365 1692 omnia

784 1696 968 1727 oppleverant
979 1711 988 1724 ‚
1006 1701 1058 1722 nec
1077 1696 1178 1722 durati
1198 1701 1279 1723 extra
1291 1697 1363 1723 testa

785 1732 897 1759 poterat
918 1736 924 1752 :
953 1728 1053 1760 itaque
1073 1727 1175 1754 consul
1195 1728 1231 1754 de
1250 1728 1366 1755 samnio

785 1760 943 1786 exercitum
972 1759 1107 1786 deduxlt.
1144 1760 1281 1786 venienti
1303 1762 1366 1787 Ro-

786 1797 858 1816 mam
886 1791 1050 1824 ttiumphus
1075 1791 1204 1817 omnium
1223 1790 1364 1818 consensu

785 1822 825 1849 est
844 1823 965 1849 delatus.
981 1823 1168 1855 triumphavit
1179 1824 1211 1849 in
1222 1824 1367 1855 magistra·

787 1859 820 1879 tu
838 1870 846 1884 ‚
872 1853 977 1887 insigni
989 1871 997 1883 ‚
1013 1861 1046 1880 ut
1064 1855 1182 1882 illorum
1200 1859 1255 1880 tem
1277 1861 1361 1880 orum

786 1886 898 1912 habitus
915 1890 996 1915 erat,
1013 1886 1102 1912 trium
1123 1886 1173 1911 lio.
1198 1885 1253 1911 Ped
1269 1891 1310 1910 tec
1329 1891 1360 1911 e-

787 1917 941 1949 quitesque
959 1917 1080 1944 iniivnes
1119 1917 1184 1943 onis
1202 1917 1361 1945 transiere,

785 1955 818 1976 ac
836 1948 987 1975 transvecti
998 1939 1085 1976 sssnt:
1105 1949 1200 1975 muitae
1211 1947 1304 1974 civicae
1315 1955 1363 1974 co-

787 1988 865 2006 ronae
884 1980 1057 2013 vallaresque
1074 1987 1105 2008 ac
1115 1980 1237 2006 murales
1246 1978 1365 2012 conspe·

786 2013 847 2038 ατε.
873 2011 1029 2044 Inspectata
1056 2011 1146 2044 spolia
1170 2012 1359 2038 Samnitium:

787 2044 816 2070 St
836 2044 936 2071 decore
957 2050 989 2070 ac
1007 2044 1223 2077 pulchritudine
1236 2042 1366 2082 paternis

785 2075 885 2108 spoliis
900 2093 909 2106 ,
928 2082 991 2108 quae
1009 2081 1078 2102 nota
1097 2075 1246 2107 frequenti
1267 2075 1363 2108 publi-

787 2115 886 2134 corum
904 2113 1010 2134 ornatu
1028 2108 1158 2134 locorum
1167 2112 1248 2133 erant
1259 2123 1268 2136 ‚
1285 2113 1365 2133 com-

786 2140 967 2172 parabantur.
996 2140 1106 2166 nobiles
1132 2139 1245 2168 aliquot
1271 2138 1364 2170 capti-

787 2172 832 2199 vi,
849 2172 921 2198 clari
931 2171 988 2197 suis
1001 2176 1170 2210 patrumque
1179 2170 1261 2197 fastis
1272 2187 1280 2199 ‚
1307 2170 1366 2196 du-

785 2203 823 2229 ffii
836 2211 843 2228 z
862 2203 924 2229 aeris
933 2209 1025 2234 gravis
1037 2202 1192 2229 transvecta
1203 2203 1288 2228 vicies
1299 2208 1366 2228 cen-

786 2236 840 2261 ties
859 2235 962 2260 millies
971 2234 1000 2261 8<
1009 2235 1167 2267 quingenta
1176 2235 1298 2266 triginta
1307 2233 1367 2260 tria

786 2266 878 2292 millia
891 2275 897 2292 :
910 2266 940 2293 id
951 2273 986 2292 κε
997 2267 1139 2293 redactum
1150 2272 1186 2293 ex
1195 2265 1311 2298 captivis
1320 2265 1366 2293 dl-

787 2298 913 2324 cebatur.
939 2299 1053 2330 argenti
1073 2314 1081 2327 ,
1101 2298 1181 2331 quod
1201 2302 1310 2331 captum
1327 2301 1376 2327 exv

788 2329 907 2356 urbibus
915 2335 976 2356 etat
987 2346 995 2359 ,
1007 2330 1039 2355 Ρ.
1052 2331 1096 2356 Μ.
1109 2335 1225 2356 ccciotx.
1236 2334 1320 2354 omne
1329 2333 1367 2357 ες

785 2366 993 2423 ῗᾶςῦῃωῐηᾳυε
1011 2362 1041 2388 in
1060 2362 1190 2388 :erarium
1201 2360 1362 2388 conditum.

855 2393 930 2429 tibus
946 2393 1023 2424 nihil
1041 2393 1142 2424 datum
1158 2399 1195 2425 ex
1211 2391 1365 2454 pmgssffissffss
