1414 2655
381 99 415 133 1,
443 107 458 133 ι
483 106 506 130 n
529 103 555 130 t
577 104 608 131 ι
652 96 885 132 xxxvii.

30 145 182 184 provincia
198 147 334 173 evenerat
345 159 354 174 ‚
370 144 472 170 eodem
482 147 614 174 tempore

34 179 182 214 profectus
199 179 250 205 est.
274 177 311 204 L.
325 175 510 203 Aurunculei
528 180 615 205 nego·

34 213 110 240 tium
123 211 158 237 ab
167 209 269 237 senatu
279 210 379 236 datum
388 208 428 234 est
437 222 446 236 ‚
464 212 500 234 ut
511 206 615 238 trigin-

32 249 64 272 ta
91 243 312 277 quinqueremes
329 253 339 268 2
363 239 466 272 viginti
487 238 617 265 triremes

35 276 161 302 faceret:
180 275 248 306 quia
258 273 331 300 fama
339 277 415 301 erat,
437 270 616 297 Antiochum

34 307 100 340 post
124 307 252 338 pra-llum
273 305 373 331 navale
393 303 529 332 maiorem
548 300 617 327 clas-

36 339 94 366 sem
103 339 255 370 aliquanto
264 341 405 370 reparare.
418 334 514 361 AEtoli
524 332 616 365 prius-

36 378 124 404 quam
152 370 239 403 iegati
263 368 299 394 ab
316 369 409 394 Roma
429 367 594 394 retulerunt
606 382 614 393 .

39 403 152 441 nullam
172 404 250 434 spem
270 400 347 438 pacis
355 398 407 426 effi:
418 415 427 427 ‚
443 402 616 434 quamquam

39 440 135 461 omnis
153 440 205 460 ora
225 437 367 459 maritima
389 437 490 456 eorum
506 435 569 460 quae
584 434 615 454 in

40 463 273 497 Peloponnesum
282 462 359 490 versa
368 462 407 488 est
418 479 426 491 ,
443 460 618 492 depopulata

37 498 74 524 ab
85 497 196 524 Achaeis
204 501 266 523 erat
276 511 284 524 ‚
301 494 423 528 periculi
432 493 521 526 magis
528 498 613 529 quam

37 529 138 556 damni
159 533 313 556 memores,
331 531 365 552 ut
378 525 616 552 Romanisinter-

36 561 192 588 eluderent
201 561 258 587 iter
268 575 276 588 ‚
287 560 424 585 Coracem
434 560 560 582 montem
570 561 616 581 oc⁴

38 597 227 626 cupaverunt.
248 596 339 622 neque
349 590 425 616 enim
436 588 617 615 dubitabant,

38 625 77 652 ad
112 623 361 664 oppugnationem·
392 620 531 653 Naupacti
566 624 616 656 eqs

37 657 185 690 principio
210 656 284 690 veri}
301 655 449 680 redituros
469 651 531 678 effe.
550 651 619 676 Aci-

6 717 16 720 „
41 689 87 716 lio
99 705 107 718 ‚
125 688 216 722 quiid
226 689 273 713 exi
297 686 382 711 estat-i
393 683 496 710 sciebat
508 681 619 720 ..satius

40 720 133 747 vistim
153 720 194 746 est
212 720 392 750 inopinatam
408 715 613 751 aggredereris,

44 752 75 780 8t
85 753 210 779 Lamiam
220 755 394 784 oppugnare.
404 748 478 774 Nam
488 747 516 773 ὃ(
527 753 543 770 a
553 745 619 770 Phi-

42 784 127 816 lippo
156 789 244 816 prope
264 783 299 808 ad
319 781 464 807 excidium
483 778 621 804 adductos

42 814 117 847 effez
133 815 162 842 Sc
172 820 242 841 tunc
253 820 288 839 eo
296 811 359 843 ipso
370 827 378 841 ‚
389 811 468 842 quod
480 809 552 836 nihil
563 809 621 834 tale

45 848 183 874 timerent
200 862 209 876 ,
237 845 360 878 opprimi
379 844 512 870 incautos
529 839 615 873 posse.

45 878 193 905 Profectus
211 878 246 904 ab
266 877 360 903 Elatia
379 875 503 907 primum
527 874 557 900 in
567 873 619 898 ho-

45 911 129 937 stium
150 916 225 937 terra
241 909 315 936 circa
334 907 499 938 Spei-chium
510 910 620 930 amnem

43 942 141 975 posuit
159 941 246 969 castra
262 949 269 966 :
288 940 357 966 inde
377 938 459 964 nocte
479 937 567 962 moris
585 935 621 960 si-

42 974 128 1008 gnis,
167 974 237 1000 rima
255 973 318 999 luce
338 976 447 999 corona
466 969 572 994 moenia
582 967 622 994 est

46 1013 131 1040 agate
154 1012 197 1032 us.

78 1028 148 1071 δερ.
168 1038 205 1063 V.
225 1037 348 1068 Magnus
366 1039 454 1065 pavor
472 1038 502 1060 ac
513 1031 621 1058 tumul-

42 1073 101 1099 tus,
112 1070 186 1097 utin
197 1075 227 1094 re
236 1065 391 1099 improvisa
401 1065 469 1091 fuit.
488 1065 619 1091 constan-

44 1102 104 1129 tius
123 1107 217 1129 tamen
228 1117 236 1128 ‚
279 1106 342 1126 uam
352 1099 416 1130 quis
425 1097 552 1124 fastui-os
560 1101 620 1121 cre-

46 1133 126 1160 deret
146 1133 176 1159 in
188 1138 244 1158 tam
268 1132 353 1158 ubito
366 1129 495 1162 periculo
506 1145 514 1157 ,
530 1133 619 1158 quum

39 1166 96 1192 viri
117 1169 333 1198 propugnarent
350 1179 358 1191 ,
377 1162 498 1187 faeminae
515 1159 573 1186 tela
592 1165 623 1184 o·

47 1197 122 1224 mnis
140 1196 249 1229 generis
267 1195 389 1226 laxaque
408 1193 439 1218 in
458 1196 622 1225 muros-ge-

45 1235 143 1256 rerent
155 1246 163 1258 ‚
175 1227 366 1254 multifariam
378 1225 460 1251 scalis
471 1223 622 1254 oppoiitis,

46 1261 147 1287 urbem
166 1266 201 1286 eo
218 1259 266 1286 die
278 1257 482 1291 defenderunt.
501 1254 622 1282 Acilius,

44 1292 126 1325 iigno
144 1292 271 1323 receptui
290 1291 377 1318 dato,
395 1288 461 1314 {uos
482 1288 512 1312 in
534 1285 621 1312 castra

47 1325 145 1351 medio
164 1323 253 1350 ferme
271 1322 319 1348 die
339 1320 476 1346 reduxit:
497 1318 526 1345 ὃς
550 1323 622 1344 tunc

44 1357 111 1382 cibo
130 1356 159 1383 Sc
175 1355 273 1387 quiete
300 1352 414 1379 reflectis
432 1349 620 1382 corporibus,

46 1387 212 1420 priusquam
239 1386 405 1418 praetorium
440 1383 601 1408 dimitteret
613 1396 622 1406 2

46 1419 253 1447 denunciavit,
271 1424 305 1444 ut
322 1421 390 1443 ante
408 1415 500 1441 iucem
521 1413 622 1439 armari

43 1453 193 1484 paratique
202 1450 300 1476 effenr.
318 1449 373 1475 nili
383 1450 543 1480 expugnata
553 1445 623 1471 urbe

44 1484 74 1511 se
85 1491 133 1512 eos
143 1485 172 1510 in
183 1483 270 1510 castra
281 1488 340 1507 non
353 1479 546 1506 reducturum.
566 1477 625 1502 Eo-

47 1516 114 1543 dem
133 1521 261 1545 tcmpore
268 1519 328 1546 quo
338 1511 432 1544 pridie
441 1510 572 1542 pluribus
582 1509 625 1535 lo-

41 1548 83 1574 eis
100 1546 256 1581 aggressus,
278 1551 368 1578 quum
387 1543 548 1575 oppidanos
567 1542 626 1577 iam

48 1580 122 1606 vites
132 1595 140 1608 ‚
161 1580 218 1611 jam
229 1577 286 1604 teia
296 1593 304 1605 ‚
315 1578 371 1607 jam
381 1580 449 1601 ante
458 1575 555 1600 omnia
563 1578 626 1598 am—

51 1617 113 1637 mus
123 1611 257 1637 deiiceret
266 1625 274 1638 ‚
285 1609 363 1635 intra
372 1612 472 1639 paucas
481 1606 565 1631 horas
575 1610 625 1630 ur-

51 1643 113 1670 bem
124 1642 210 1673 cepit.
228 1641 271 1667 lbi
281 1641 384 1669 partim
394 1637 625 1669 divendit-upar-

50 1675 104 1702 tim
114 1673 203 1701 divisa
212 1673 316 1703 puella,
325 1671 477 1698 confilium
488 1670 627 1697 habitum,

47 1708 119 1740 quid
131 1705 235 1733 deinde
247 1704 363 1730 faceret.
374 1702 493 1729 Nemini
503 1701 538 1728 ad
549 1701 629 1728 Nau-

49 1739 161 1772 pastum
180 1737 218 1764 iri
246 1737 355 1765 lacuit3
373 1739 513 1766 occupato
523 1733 558 1759 ad
570 1733 627 1757 co—

50 1778 142 1798 racem
161 1770 196 1796 ab
244 1769 322 1794 ‘molis
335 1768 419 1793 ialtu.
437 1773 473 1792 ne
484 1771 576 1792 tamen
588 1762 629 1789 se-

49 1804 118 1835 guia
130 1803 223 1828 aeiiiva
233 1801 320 1827 efflent
331 1816 338 1827 ‚
358 1799 387 1825 δι
398 1797 493 1825 AEtoli
504 1803 565 1822 non
575 1796 627 1822 im-

46 1840 186 1868 petratam
197 1839 290 1865 pacem
300 1833 334 1857 ab
344 1831 443 1857 senatu
454 1846 461 1857 ,
480 1827 630 1855 nihilomi-

49 1873 103 1893 nus
117 1874 164 1896 per
175 1866 250 1892 suam
260 1863 471 1891 cunstationem
482 1861 629 1887 haberent,

48 1905 216 1938 oppui’nare
244 1897 356 1922 Acilius
382 1892 554 1925 Amphiffam
576 1891 629 1929 ssa-

51 1936 122 1958 tuit.
139 1930 174 1957 ab
194 1929 328 1955 Heraclea
351 1933 400 1958 per
410 1927 509 1952 Oetam
520 1930 630 1950 exerci-

52 1968 100 1989 tus
118 1969 152 1988 eo
172 1962 283 1988 duetus,
306 1960 403 1993 Qium
421 1958 457 1984 ad
468 1956 572 1982 moenia
584 1961 630 1981 ca-

53 1995 109 2022 stra
120 1993 252 2025 posuisset
261 2008 269 2021 ,
291 1999 352 2018 non
362 1996 479 2018 corona,
490 1989 562 2014 ficut
573 1987 629 2012 La·

50 2027 135 2053 miam
146 2043 154 2054 ,
174 2025 222 2052 scd
243 2024 379 2056 operibus
394 2026 561 2057 oppugnare
579 2025 629 2044 ur-

51 2059 114 2086 bem
132 2059 171 2084 est
192 2058 319 2083 adortus.
339 2054 474 2081 Pluribus
491 2051 630 2078 iimullo-

48 2091 90 2118 cis
99 2092 173 2116 aries
180 2089 385 2117 admovebatur
398 2096 403 2112 :
423 2086 452 2112 δε
462 2090 552 2116 quum
562 2089 633 2114 quat

55 2127 187 2150 terentur
207 2121 280 2147 muri
301 2137 308 2148 ,
328 2118 405 2146 nihii
422 2115 554 2143 adversus
573 2115 630 2141 tale

56 2153 277 2180 machinationis
286 2157 374 2184 genus
383 2153 543 2181 parare,aut
555 2153 630 2172 com-

57 2185 168 2212 minisci
177 2185 315 2216 oppidani
327 2182 518 2208 conabantur.
536 2179 632 2205 omnis

54 2216 114 2248 spes
124 2218 154 2243 in
166 2217 252 2243 armis
261 2216 289 2243 ὃ(
299 2214 416 2241 audacia
427 2211 631 2242 eraneruptio-

54 2247 195 2280 albusque
202 2248 306 2274 crebris
314 2247 343 2273 Sc
355 2246 489 2272 stationes
499 2243 619 2270 hostium
627 2258 637 2272 ‚

57 2281 88 2308 ὃ(
98 2287 146 2307 eos
155 2279 239 2312 ipsos,
249 2281 298 2310 qui
310 2279 383 2304 circa
393 2283 480 2310 opera
488 2276 517 2304 ὃς
527 2275 633 2302 machi-

56 2318 108 2338 nas
119 2315 209 2338 erant.
223 2311 386 2337 turbabant.

91 2345 162 2375 Cap.
183 2344 208 2368 V
221 2345 245 2369 1.
266 2342 371 2368 Multis
389 2346 482 2368 tamen
491 2340 562 2366 locis
573 2345 634 2364 mu-

53 2381 103 2406 tus
114 2375 240 2405 decussus
247 2380 308 2403 erat
318 2389 326 2405 ‚
347 2379 436 2407 quum
446 2373 566 2401 allatum
577 2371 615 2400 est
627 2387 636 2402 2

663 141 844 181 succefforem
865 140 1031 174 Apolloniae
1049 109 1244 174 expolitggr-

664 179 767 213 ercitu,
778 182 829 207 per
839 176 961 206 Epirum
970 181 1002 201 ac
1013 175 1184 201 Theflaliam
1195 183 1243 201 ve-

664 213 737 233 nire.
763 209 837 233 Cum
858 207 995 233 tredecim
1015 207 1144 233 millibus
1163 208 1246 239 pedi-

664 243 729 277 tum
743 239 772 265 &
792 239 960 271 quingentis
977 239 1122 270 equitibus
1141 238 1245 268 consul

664 271 806 298 veniebat.
833 272 897 304 Jam
920 272 951 296 in
970 271 1065 296 {inum
1085 271 1243 298 Maliacum

663 309 789 329 venerat.
805 303 834 330 8(
854 302 997 334 pi-oemiffis
1013 304 1154 336 Hypatam
1164 319 1173 331 ‚
1192 303 1247 334 qui

664 335 776 361 tradere
787 335 885 360 urbem
897 335 1033 366 juberent
1043 349 1051 362 ‚
1063 334 1243 366 posteaquam

664 364 831 398 responsum
842 367 881 392 est
894 382 902 394 ‚
920 366 996 392 nibil
1006 365 1058 392 niii
1071 371 1106 391 ex
1117 373 1242 393 commu-

664 399 696 424 ni
715 398 884 424 AEtolorum
903 399 1020 424 decreto
1040 395 1187 428 fasturos3
1205 405 1225 424 n

664 435 775 456 teneret
794 429 824 456 se
844 430 1022 461 oppugnatio
1041 431 1161 461 Hypatae
1172 437 1210 455 no

663 462 732 488 dum
745 461 891 500 Amphissa
901 468 1020 493 recepta.
1034 461 1171 492 praernisso
1182 456 1244 487 fra>

664 497 709 519 tre
721 493 861 520 Africano
870 509 879 522 ‚
891 492 1063 525 Amphiffam
1075 493 1168 519 ducit.
1188 493 1246 519 Sub

663 525 818 561 adventum
851 531 950 551 eorum
978 525 1117 557 oppidani
1145 525 1247 551 relicta

665 557 735 582 urbe
751 558 828 588 (Jam
847 557 925 582 enim
945 563 1044 588 magna
1053 562 1088 582 ex
1100 562 1179 588 parte
1189 564 1246 583 nu·

664 588 730 627 data
741 588 883 614 moenibus
894 594 955 614 erat
966 589 975 618 )
996 590 1024 614 in
1036 595 1127 614 arcem
1138 605 1146 617 ‚
1157 595 1242 620 quam

664 621 917 653 inexpugnabilem
934 621 1042 645 habent
1054 636 1061 647 ‚
1080 627 1177 646 omncs
1199 626 1246 646 ar·

665 653 733 678 mati
754 653 972 684 atqueinermes
981 651 1148 677 concessere.
1167 654 1246 678 con-

663 683 707 722 sul
720 684 767 709 sex
778 684 870 710 millia
880 683 970 709 ferme
980 683 1103 715 pastuum
1115 684 1183 710 inde
1195 690 1248 714 po-

664 718 723 742 luit
734 716 833 742 castra.
845 722 879 741 eo
888 715 975 746 legati
987 715 1175 742 Athenienses
1206 716 1247 741 ri·

666 754 743 773 mum
763 748 799 773 ad
818 747 847 782 Γ.
860 748 1021 778 Scipionem
1039 763 1046 774 ,
1066 753 1172 779 przegre
1196 753 1244 772 um

665 785 681 805 a
702 785 766 804 men
788 778 880 810 (iicut
890 778 1074 804 antedictum
1084 779 1142 810 est)
1162 779 1245 805 dein-

688 818 702 837 e
712 811 747 837 ad
758 810 904 837 confinem
915 815 1054 836 venerunt
1068 816 1076 840 ς
1092 810 1251 841 deprecan-

666 848 709 869 tes
728 849 781 874 pro
801 842 919 868 AEtolis.
938 842 1117 869 clementius
1126 842 1246 874 respon-

666 875 727 900 sum
746 874 780 899 ab
793 874 935 899 Africano
946 874 1088 899 tulerunt.
1106 875 1156 904 qui
1166 873 1247 900 caus-

665 906 722 932 sam
733 906 916 938 relinquendi
928 906 1044 931 honeste
1055 905 1176 931 AEtolici
1188 905 1248 932 bel-

664 938 686 964 li
707 944 850 969 querens,
873 937 965 962 Afiam
986 937 1014 964 8<
1035 943 1126 969 regem
1140 937 1249 963 Antio-

665 971 749 996 chum
769 969 909 1001 spectabat
929 977 935 993 :
962 968 1135 999 iusseratque
1155 969 1250 995 Athe-

665 999 777 1028 nienses
787 1017 795 1028 ‚
817 1007 877 1027 non
890 1001 1030 1027 Romanis
1041 999 1141 1028 solum,
1154 1006 1188 1026 ut
1198 1007 1247 1032 pa-

667 1040 725 1060 cem
739 1033 816 1059 bello
824 1032 995 1064 praeferrent
1008 1048 1016 1059 ‚
1034 1031 1082 1059 sed
1092 1033 1178 1058 etiam
1191 1032 1247 1058 AE·

666 1065 735 1092 toiis
753 1063 933 1096 persuadere.
961 1064 1103 1090 celeriter
1121 1064 1247 1091 austori-

668 1098 719 1124 bus
739 1096 963 1122 Atheniensibus
986 1095 1119 1127 frequens
1138 1097 1172 1121 ab
1183 1097 1246 1128 Hy-

667 1134 731 1165 pata
741 1128 847 1164 legatio
856 1127 1024 1153 AEtoiorum
1036 1128 1158 1154 venir&
1169 1127 1248 1161 spem

667 1166 740 1191 pacis
751 1160 790 1185 eis
800 1159 891 1185 termo
901 1159 985 1185 etiam
997 1158 1130 1185 Africani
1142 1175 1150 1187 ‚
1162 1165 1247 1191 quem

667 1193 792 1226 priorem
801 1192 947 1217 adierunt.
958 1191 1039 1216 auxit
1052 1197 1059 1222 3
1076 1197 1248 1217 commemo-

669 1224 759 1250 rantis
770 1240 780 1251 ,
797 1223 902 1249 multas
918 1228 1015 1254 gentes
1025 1221 1204 1254 populosque
1215 1223 1245 1248 in

670 1255 808 1291 Hispania
827 1255 906 1286 prius
916 1270 924 1282 ‚
941 1254 1045 1280 deinde
1057 1254 1089 1280 in
1102 1253 1202 1280 Africa
1214 1255 1245 1279 in

668 1288 755 1313 fldem
773 1285 851 1313 suam
872 1284 981 1312 veniffe.
1010 1286 1039 1311 in
1061 1286 1197 1312 omnibus
1215 1284 1245 1312 se

669 1320 779 1349 majora
803 1318 960 1345 clementi-⁷2
986 1317 1227 1348 benignitatisque
1238 1333 1252 1347 ‚

669 1357 753 1383 quam
780 1351 898 1376 virtutis
924 1348 1031 1375 bellice
1060 1355 1247 1376 monumenta

668 1381 822 1414 reliquifl'e.
857 1380 986 1416 Perfec'isa
1010 1381 1160 1407 videbatur
1186 1387 1229 1406 res
1239 1396 1250 1411 ,

688 1422 758 1441 uum
789 1414 877 1440 aditis
893 1413 993 1440 conlui
1012 1413 1088 1438 idem
1108 1413 1182 1439 illud
1206 1418 1252 1438 rc-

682 1446 802 1480 ponsum
813 1445 917 1472 retulit
926 1461 935 1473 ‚
954 1451 1012 1475 quo
1024 1443 1116 1476 fugati
1126 1445 1159 1470 ab
1168 1444 1250 1470 sena-

668 1484 700 1506 tu
711 1478 839 1505 fuerant.
861 1478 906 1512 Ep
916 1481 1058 1508 tamquam
1070 1482 1146 1502 novo
1157 1481 1249 1508 quum

667 1511 715 1537 isti
737 1509 928 1537 AEtoliessent
947 1508 1044 1543 (nibil
1054 1508 1131 1534 enim
1143 1509 1249 1534 necle·

668 1543 786 1575 gatione
816 1540 1036 1567 Atheniensium
1053 1555 1062 1568 ‚
1090 1546 1142 1565 nec
1163 1540 1252 1572 placi-

669 1576 708 1601 do
728 1573 860 1600 Africani
879 1571 1015 1604 responso
1035 1571 1191 1601 profectum
1202 1571 1248 1596 vi-

673 1606 778 1664 deflant
798 1606 808 1637 )
838 1604 948 1631 referre
974 1604 1010 1630 ad
1026 1601 1093 1630 suos
1107 1604 1249 1630 dixerunt

671 1645 703 1664 ve
731 1644 756 1663 e.

705 1671 775 1700 cap.
793 1669 879 1694 vn.
908 1667 1045 1704 Reditum
1066 1667 1135 1693 inde
1150 1667 1254 1698 Hypa-

671 1707 729 1729 tam
740 1701 788 1729 est‚
801 1706 854 1726 nec
865 1700 1016 1727 confilium
1027 1699 1231 1732 expediebatur
1243 1704 1252 1724 τ

673 1741 737 1760 narn
758 1738 850 1763 neque
865 1733 944 1758 unde
960 1731 1188 1758 milletalentum
1200 1730 1252 1756 da-

674 1771 755 1792 retur
777 1769 857 1793 erar;
874 1763 903 1790 8<
923 1763 1054 1796 permisso
1072 1763 1165 1789 libero
1175 1762 1252 1788 arbi-

672 1799 741 1826 trio,
752 1803 788 1822 ne
797 1798 827 1822 in
837 1802 960 1825 corpora
969 1796 1017 1822 sua
1025 1793 1181 1821 saeviretur,
1192 1799 1253 1819 me·

674 1830 804 1856 tuebanr.
825 1828 934 1854 Redire
944 1828 1041 1858 itaque
1052 1826 1164 1853 eosdem
1175 1826 1251 1856 lega-

677 1868 722 1888 tos
742 1862 775 1887 ad
788 1858 934 1886 consulem
945 1859 974 1886 Sc
986 1858 1157 1885 Africanum
1167 1856 1253 1888 jusi‘e-

675 1898 762 1921 runt‚
778 1892 807 1919 8:
828 1898 924 1923 petere
935 1906 943 1919 ,
960 1896 991 1916 ut
1011 1891 1032 1915 fi
1052 1891 1120 1917 dare
1129 1896 1194 1915 vere
1206 1895 1256 1920 pa-

675 1931 743 1951 cem,
758 1931 817 1950 non
830 1928 941 1951 tantum
952 1921 1257 1950 ostendere‚frustran-

676 1962 717 1983 tes
726 1955 802 1987 spem
812 1955 980 1983 miserorum
992 1970 1000 1982 ,
1012 1955 1140 1984 veilen13
1158 1957 1207 1978 aut
1219 1957 1256 1977 ex

677 1989 784 2015 summa
803 1987 930 2017 pecuniae
950 1987 1117 2014 demerent,
1134 1991 1183 2011 aut
1214 1990 1259 2009 er-

678 2019 836 2046 missionem
854 2024 935 2045 extra
942 2019 1048 2044 civium
1058 2023 1180 2048 corpora
1191 1992 1258 2041 geri

676 2052 820 2082 juberent.
842 2050 923 2076 Nihil
935 2050 1119 2080 impetratum
1129 2064 1135 2075 ,
1150 2054 1183 2073 ut
1194 2053 1257 2083 mu:

676 2089 751 2111 taret
770 2082 889 2109 consul:
909 2081 937 2108 St
960 2088 991 2106 ea
1002 2078 1260 2112 quoqueirritaie-

678 2117 757 2146 gatio
767 2115 876 2141 dimissa
885 2113 936 2139 est.
955 2113 1047 2138 Securi
1059 2112 1086 2138 8<
1100 2110 1261 2137 Athenien·

681 2146 723 2174 ses
744 2147 812 2172 fitnt
823 2163 831 2174 ,
847 2147 875 2172 St
887 2145 1030 2176 principes
1041 2143 1198 2174 legationis
1209 2147 1259 2166 eo-

684 2186 747 2206 rum
761 2178 944 2205 Echedemus,
960 2175 1094 2205 fatiaatos
1107 2179 1152 2200 tot
1165 2173 1262 2203 repui-

683 2213 720 2238 fis
741 2209 876 2237 Annios,
895 2208 1144 2237 &complorantes
1157 2204 1261 2231 inutili

686 2242 893 2269 lamentatione
913 2240 1059 2265 fortunam
1078 2238 1173 2268 gentis
1190 2253 1197 2263 ,
1224 2236 1262 2261 ad

687 2275 762 2306 spem
784 2272 926 2298 revocavit
938 2278 948 2308 ³.
963 2271 1062 2296 auctor
1073 2269 1204 2294 inducias
1213 2266 1266 2293 sex

686 2305 823 2332 mentium
834 2303 949 2334 petendi
961 2318 968 2326 .
979 2307 1012 2327 nt
1021 2302 1130 2331 legatos
1141 2301 1266 2326 Romam

688 2339 804 2364 mittere
815 2335 933 2366 possent.
953 2333 1130 2358 Dilationcm
1141 2331 1216 2358 nihil
1227 2330 1265 2356 ad

687 2369 834 2405 prasentia
854 2366 946 2396 maia,
964 2365 1071 2398 quippe
1090 2371 1150 2398 quae
1162 2363 1266 2422 {323³

1254 2409 1266 2425 9
