1414 2655
61 119 119 149 „mn
131 114 261 154 equitugn
281 115 489 148 intolerabilem
491 116 584 152 sume
595 127 605 145 .-

28 180 31 182 -
62 146 545 212 ιιΐήῗίῖἢὲἠέἕᾏὲιξηᾟὲῑξῖἧ
559 148 607 207 ζῖῖ

67 210 285 267 κὲἇιίὲἷξζίταιὶι·
297 210 361 244 sbre
380 211 396 237 3
422 212 456 238 Se
473 213 607 245 populare

240 243 310 269 riore
334 241 483 276 consulatu
497 243 606 276 semiu-

55 278 102 298 um
121 271 210 332 Cffi‘ffi
235 281 247 298 e
258 283 269 301 .·
285 278 378 307 optare
397 279 430 312 qt
439 276 535 301 omnia
565 282 608 301 ro·

198 309 270 331 rent.
285 305 351 338 assi
378 308 430 332 md
439 309 531 332 adver
541 315 551 331 1
562 313 609 333 ca-

4 329 6 333 ’
18 302 259 368 ψῦνεειῖνὲἔβὶιηη
273 334 306 370 se
315 338 355 363 tel
368 339 484 369 sportas
493 355 500 366 ‚
519 345 605 371 quam
616 358 619 362 .

10 365 65 402 ἅμα
102 367 179 400 agiis
196 367 334 394 iratorum
343 369 455 395 civium
463 374 546 403 caput
559 371 605 395 ob-

60 401 74 423 ε
87 403 181 424 κηυη.
218 400 263 426 Ab
291 400 345 427 hoc
361 399 491 428 sermone
510 401 606 435 profe-

82 436 108 456 m
128 430 257 456 Paullum
277 432 417 464 tradunt;
434 431 608 465 prosequen-

31 458 109 498 115⁰}
128 461 300 494 primoribus
310 464 438 490 Patrum.
459 464 604 491 Plebeium

5 520 9 524 ,
31 493 176 526 cumulem
189 491 240 519 sua
250 495 342 526 plebes
353 495 512 527 prosecuta,
523 497 608 522 turba

30 529 116 559 quam
143 525 285 558 dignitate
303 526 488 558 conspee'fior.
516 528 558 553 Ut
574 528 606 554 in

30 557 119 584 altra
129 562 279 587 venerunt,
289 559 431 586 permixto
442 565 518 584 novo
528 564 607 584 exer-

30 586 91 622 citu
102 594 133 615 ac
142 593 236 614 vetere
245 605 253 616 ‚
265 589 359 615 castris
369 589 500 616 bifariam
512 590 604 619 factis,

8 623 68 650 „vat
86 624 159 645 nova
168 619 276 645 minora
283 620 372 647 essent
385 623 502 653 propius
514 622 608 648 Anni-

13 649 144 680 ‘’balent,
159 650 189 677 ln
207 652 347 678 veteribus
367 653 459 683 major
478 659 540 685 pars
551 670 559 682 ‚
575 653 605 680 Sc

16 691 26 705 r
34 687 120 709 omne
137 683 225 708 robur
248 683 353 710 virium
361 683 450 714 effet;
469 689 529 711 tum
538 690 606 711 con-

29 711 127 741 sulum
135 714 320 746 anniprioris
339 716 381 741 Μ.
397 716 608 743 Atiliurmaeta-

29 748 88 772 tem
99 744 276 772 excusantem
287 761 294 774 ,
316 748 436 774 Romam
446 746 585 773 miserunt
597 755 605 773 ε

31 776 186 803 Geminum
207 778 376 807 servilium,
395 779 428 804 in
446 779 608 805 minoribus

28 807 127 844 castris
139 824 149 837 ‚
164 808 272 841 legioni
284 810 419 835 Romanae
434 827 441 839 ‚
457 810 487 836 8<
497 809 606 836 socium

29 839 158 898 {aditum
186 841 373 873 equitumque
390 841 503 868 duobus
519 842 608 867 miili-

71 877 84 897 ι·
94 870 268 903 praeficiunt.
296 873 424 899 Annibal
436 879 606 910 quamquam

29 907 110 936 parte
125 903 246 930 dimidia
263 903 357 930 austas
374 905 497 931 hostium
510 905 604 940 copias

27 934 179 962 cernebat,
198 939 291 961 tamen
312 936 437 962 adventu
457 938 605 962 contulum

33 965 106 999 mire
123 966 254 999 gaudere.
271 973 330 993 non
351 967 443 994 solum
460 968 538 995 enim
560 968 606 994 ni-

31 995 77 1024 hil
99 1003 135 1024 ex
151 999 240 1029 raptis
258 998 289 1024 in
309 999 383 1025 diem
403 999 606 1026 commeatibus

31 1026 179 1061 superabat
190 1045 199 1058 ,
215 1028 262 1055 sed
281 1036 319 1056 ne
333 1031 411 1057 unde
421 1036 532 1063 raperet
543 1031 607 1063 qui-

31 1058 114 1090 dem,
130 1061 281 1093 quicquam
301 1062 404 1095 reliqui
424 1068 505 1093 crat;
524 1063 605 1089 omni

32 1091 163 1123 undique
184 1091 331 1119 frumento
348 1110 356 1122 ‚
376 1094 557 1131 posteaquam
577 1101 608 1120 a·

31 1129 82 1157 ger
99 1129 197 1155 parum
216 1128 296 1150 tutus
305 1130 367 1151 erat
378 1141 386 1154 ‚
403 1132 433 1151 in
445 1127 529 1151 urbes
544 1132 606 1152 mu-

31 1154 107 1181 nitas
114 1155 249 1182 convesto
261 1163 268 1182 :
287 1162 321 1183 ut
330 1157 377 1183 vix
387 1157 480 1183 decem
493 1157 605 1184 dierum

30 1185 132 1221 (quod
158 1192 336 1218 compertum
354 1189 445 1219 postea
464 1188 523 1220 est)
544 1189 604 1214 fru-

32 1223 158 1244 mentum
169 1218 317 1251 supereffet
329 1236 337 1248 ‚
355 1219 607 1252 Hispanorumque

29 1248 69 1277 ob
87 1250 214 1283 inopiam
233 1251 366 1278 tranfitio
383 1257 479 1285 parata
497 1252 584 1278 fuerit
596 1268 605 1281 ,

31 1279 56 1307 ss
79 1283 226 1311 maturitas
261 1288 421 1316 temporum
448 1282 605 1317 exspectata

54 1344 100 1370 'ca
123 1363 130 1370 .
157 1346 254 1373 XLI.
287 1347 427 1374 caeterum
449 1345 606 1373 temeritati

31 1379 66 1403 eo
100 1377 157 1403 ulis
173 1384 205 1404 ac
226 1385 407 1412 praepropero
417 1379 535 1410 ingenio
545 1385 606 1404 ma-

31 1407 131 1434 teriam
155 1410 239 1435 etiam
259 1409 378 1436 fortuna
395 1410 477 1436 dedit
495 1418 502 1436 :
523 1410 603 1442 quod

29 1436 62 1472 ln
72 1440 255 1472 prohibendis
266 1442 480 1474 praedatoribus,
495 1442 604 1468 tumul-

27 1471 124 1498 tuario
134 1472 237 1504 proelio
247 1489 254 1501 ‚
267 1479 298 1499 ac
309 1472 446 1505 procursu
454 1473 541 1506 magis
551 1473 604 1499 mi-

40 1499 113 1535 itum
133 1510 217 1534 quarn
234 1510 270 1530 ex
288 1511 444 1536 praeparato
461 1511 511 1531 aut
529 1504 604 1535 junii

29 1532 236 1566 imperatorum
267 1541 334 1562 orto
352 1552 361 1564 .
387 1537 604 1569 haudquaquam

65 1571 78 1591 r
97 1565 194 1593 Poenls
214 1567 360 1594 dimicatio
379 1568 448 1594 fuit.
465 1569 502 1595 ad
519 1569 600 1594 mille

75 1594 269 1630 septingentos
287 1599 368 1631 caeii3
387 1606 446 1625 non
464 1601 528 1632 plus
537 1606 604 1626 cen-

29 1630 92 1654 tum
116 1630 311 1657 Romanorum
321 1630 519 1663 sociorumque
530 1631 604 1657 occi-

25 1657 74 1685 fis.
87 1666 218 1687 exterum
227 1662 382 1689 victoribus
390 1662 476 1688 effiise
487 1662 603 1689 lennen-

26 1689 106 1718 tibus
115 1707 123 1720 ‚
135 1697 213 1719 metu
222 1694 389 1720 insidiarum
401 1694 511 1721 obstitit
517 1679 605 1720 raul-

27 1721 75 1760 lqs
83 1721 181 1750 consul
195 1732 202 1749 .·
219 1725 302 1756 cujus
311 1732 344 1751 eo
355 1726 403 1752 dic
419 1726 429 1756 (
442 1732 504 1751 nam
516 1727 604 1752 alter-

25 1757 74 1780 ms
100 1755 320 1787 imperitabant)
346 1758 495 1788 imperium
521 1763 601 1784 erat:

29 1783 162 1824 Varrone
180 1788 348 1824 indignante
366 1795 398 1814 ac
416 1788 603 1819 vociferante,

28 1816 155 1844 emissum
176 1819 281 1846 hostem
291 1820 443 1846 emanibus
457 1828 463 1846 τ
482 1821 603 1847 debella·

27 1846 110 1881 rique
124 1866 131 1879 ‚
148 1850 179 1877 ni
198 1851 327 1878 cessatum
347 1852 424 1878 foret
442 1869 451 1880 .
468 1852 601 1884 potuili'e.

29 1880 157 1908 Annibal
180 1882 209 1909 id
228 1883 363 1909 damnum
373 1883 448 1910 haud
459 1884 603 1915 :egerrime

0 1923 1 1935 ι
26 1912 106 1944 pati:
125 1913 197 1945 quin
207 1914 304 1947 potius
312 1915 447 1943 credere,
466 1915 544 1941 velut
556 1916 602 1941 in·

8 1955 11 1969 ι
26 1940 142 1972 ἀπαιτῇ
165 1947 353 1973 temeritatem
372 1945 521 1973 ferocioris
533 1953 601 1972 con-

82 1981 112 2002 s,
129 1982 160 2003 ac
179 1983 319 2004 novorum
336 1978 458 2004 maxime
475 1977 601 2004 militum

92 2014 100 2032 :
117 2007 146 2034 ὃς
157 2009 254 2034 omnia
264 2010 291 2035 el
301 2009 424 2036 hostium
435 2010 512 2036 haud
527 2008 604 2035 secus

129 2038 185 2067 sua,
196 2045 262 2066 nota
273 2046 354 2068 erant
365 2048 372 2067 :
392 2040 535 2068 dissimiles
546 2041 603 2068 dis·

60 2099 63 2103 ¹
96 2068 179 2102 estrue
203 2072 391 2105 imperitare;
419 2073 489 2098 duas
513 2078 601 2105 prope

77 2104 124 2128 tes'
139 2102 269 2129 tironum
291 2104 418 2130 militum
430 2104 460 2129 in
473 2105 602 2130 exercitu

79 2150 86 2158 .
105 2134 150 2160 lta
171 2140 206 2160 ue
220 2135 315 2161 locum
326 2136 355 2162 Sc
366 2140 476 2166 tempus
489 2135 601 2162 infidils

94 2171 121 2190 m
155 2172 171 2191 e
189 2166 290 2192 habere
312 2172 389 2193 ratus
409 2167 491 2192 noste
502 2168 601 2198 proxi-

24 2199 72 2252 Ra
88 2196 163 2222 nihil
177 2203 272 2229 pta-etet
285 2204 363 2224 arma
374 2198 496 2225 ferentes
506 2198 598 2224 secum

55 2226 130 2254 ilites
140 2229 271 2261 ducens,
292 2230 381 2256 castra
402 2229 486 2262 plena
506 2231 599 2256 omnis

25 2255 150 2285 fortunte
179 2261 297 2292 publicae
317 2262 488 2294 privataeque
509 2262 598 2287 relin-

22 2289 109 2322 quit,
126 2292 259 2324 transque
278 2293 424 2324 proximos
435 2294 598 2319 monteslae-

24 2322 62 2361 η
74 2321 180 2356 pedites
198 2323 352 2353 instructos
361 2324 482 2356 condit,
498 2325 601 2353 dextra

27 71 49 111 ⁶„
397 53 635 112 4ιιιιιιιι
680 79 822 114 xxn.

656 124 765 156 equites
786 141 794 154 ‚
819 124 1023 158 impedimenta
1049 133 1100 160 pet·
1115 97 1232 157 convas-

656 154 711 182 lem
725 172 733 183 .
749 157 874 183 medium
893 164 991 190 agmen
1004 176 1012 187 ‚
1031 160 1155 190 traducit
1168 170 1176 186 :
1195 165 1231 190 ut

654 187 826 226 diripiendis
855 189 935 216 velut
953 190 1073 217 destrtis
1088 190 1160 225 fuga
1177 193 1232 219 do-

655 225 800 246 minorum
818 221 914 247 castris
931 228 1100 256 occupatum
1112 224 1234 256 impedi-

656 255 716 277 tum
737 258 774 277 ue
792 252 898 278 hostem
916 254 1100 286 opprimeret.
1129 255 1234 282 Crebri

655 282 708 308 reli
737 283 748 308 i
768 283 798 308 in
817 284 911 310 castris
930 286 1026 317 ignes:
1044 290 1078 312 ut
1098 286 1170 313 fides
1180 288 1234 313 iio-

655 319 700 340 ret
719 331 728 341 ‚
751 314 819 340 dum
837 315 895 347 ipse
912 316 1028 350 longius
1046 317 1167 350 spatium
1183 317 1234 344 fu-

655 347 971 408 §gafastaida
979 349 1238 410 ssffliiiiiistfiz:

655 408 853 467 strfmffeiiet)
875 415 972 437 tenere
982 411 1012 437 in
1023 411 1095 438 locis
1101 412 1236 440 consules

658 447 693 466 vo
707 447 736 466 ιιι
760 448 784 467 e.

689 473 759 504 Cap.
777 473 894 498 XLII.
911 473 970 500 Ubi
987 473 1089 501 illuxit
1101 490 1109 504 ‚
1126 474 1234 503 subdu-

658 503 708 529 stae
728 504 821 536 primo
830 504 966 542 stationes
976 521 985 533 ‚
1001 505 1107 540 deinde
1114 508 1235 546 propius

655 535 841 563 adeuntibus,
860 536 1010 563 insolitum
1028 538 1172 565 mentium
1181 540 1235 566 ad-

655 567 838 602 mirationem
858 567 937 594 fecit.
953 569 1018 600 Jam
1028 568 1096 595 satis
1103 576 1232 603 comper-

656 603 685 624 ta
703 595 859 625 minuatne
878 600 908 625 in
927 600 1023 626 mitris
1032 600 1233 629 concur-fassit

654 630 689 655 ad
701 632 830 662 prs-<toria
840 629 997 657 consulum
1008 648 1017 660 ‚
1027 633 1230 661 nunciantium

654 660 750 694 fugam
768 662 890 688 hostium
910 663 982 688 adeo
1001 664 1143 696 trepidam
1163 681 1172 694 ‚
1196 668 1232 692 ut

656 693 845 719 tabernaculis
865 694 1002 721 stantibus
1022 710 1031 724 ‚
1057 697 1143 721 castra
1163 696 1236 722 reli·

655 724 773 754 querint
791 734 797 750 ε
814 732 926 758 quoque
942 726 1010 758 fuga
1026 725 1175 752 obscurior
1185 727 1229 752 es-

652 756 695 782 set
715 771 724 784 ‚
754 757 864 782 crebros
887 758 972 784 etiam
1002 757 1115 784 relictos
1140 759 1232 791 ignes.

656 788 772 814 elamor
793 788 860 814 inde
868 793 968 817 ortus,
986 795 1020 815 ut
1029 790 1106 820 ligna
1118 790 1233 822 profer-

654 819 679 845 ri
697 820 832 850 juberent
843 836 852 848 ,
873 820 1066 853 ducerentque
1083 821 1119 846 ad
1137 821 1232 854 perst-

675 852 784 877 ucndos
803 851 894 877 hostes
910 868 919 881 ,
943 856 983 878 ac*
992 853 1125 883 protinus
1141 853 1231 880 castra

675 883 815 914 iripenda.
842 884 881 910 Et
903 881 1012 909 consul
1026 886 1100 910 alter
1108 885 1187 910 velut
1198 891 1234 910 u·

655 920 710 941 nus
735 914 825 940 turbae
850 914 986 940 militaris
1008 920 1079 942 erat.
1113 915 1234 942 Paullus

652 946 740 972 etiam
759 951 844 977 atque
852 946 936 971 etiam
947 947 1058 974 dicere,
1076 948 1232 978 providen-

656 978 725 1004 dum
745 978 1013 1009 praecavendumque
1032 977 1094 1004 effe.
1122 979 1229 1010 postre-

655 1016 720 1036 mo,
742 1014 829 1040 quum
849 1009 934 1034 aliter
954 1016 1047 1041 neque
1059 1009 1230 1036 seditionem

655 1046 747 1072 neque
755 1041 853 1067 ducem
861 1040 1010 1067 seditionis
1019 1040 1157 1067 sustinete
1166 1042 1232 1074 pos-

653 1072 833 1101 set‚Marium
842 1072 987 1098 Statilium
996 1072 1156 1104 praefestum
1166 1079 1232 1100 cum

653 1110 749 1131 turma
777 1105 893 1130 Lucana
918 1104 1100 1141 exploratum
1123 1104 1229 1131 mittit.

653 1136 703 1168 qui
716 1151 724 1164 ,
743 1135 792 1162 ubi
803 1136 980 1167 adequitavit
991 1136 1090 1168 portis,
1100 1134 1230 1162 subliste-

652 1174 682 1192 re
707 1172 789 1193 extra
815 1168 990 1193 munimenta
1008 1167 1117 1193 caeteris
1132 1168 1231 1198 justis.

653 1197 711 1231 ipse
720 1205 784 1224 cum
796 1198 907 1224 duobus
918 1199 1061 1234 equitibus
1070 1199 1175 1225 vallum
1185 1199 1232 1226 in-

653 1231 740 1257 travit
752 1239 758 1256 1
774 1229 988 1262 speculatusque
998 1231 1094 1256 omnia
1104 1237 1168 1257 cum
1179 1237 1230 1257 cu·

655 1268 704 1292 ra·,
724 1262 1007 1289 renunciat‚in1idias
1016 1261 1140 1294 profesto
1152 1261 1224 1289 elie:

654 1293 733 1325 ignes
743 1294 772 1319 in
785 1298 862 1324 parte
872 1293 1026 1320 castrorum
1037 1308 1045 1321 2
1057 1301 1119 1325 quae
1131 1298 1229 1327 vergat

652 1325 683 1351 in
695 1324 811 1353 hostem,
823 1324 948 1351 relictos:
960 1325 1137 1351 tabernacula
1147 1331 1229 1357 aper·

652 1361 690 1384 ta.
705 1356 733 1382 Sc
744 1356 840 1382 omnia
850 1362 913 1382 cara
922 1357 952 1382 in
963 1362 1100 1388 promptu
1109 1357 1206 1383 relista
1217 1366 1226 1384 ε

649 1392 801 1419 argentum
835 1388 1002 1419 quibusdam
1027 1388 1098 1415 locis
1121 1393 1228 1416 temere

652 1419 1229 1485 ΞῗέιὲξῧἑὲῗὲᾱοἯὲἒέῗ-ἓῗέἒοξῗέιῗὲῗῖ

651 1482 741 1509 ditate
757 1485 867 1509 animos
876 1483 1013 1509 nunciata
1023 1488 1126 1519 erant2
1143 1489 1228 1509 eaac-

651 1514 827 1540 cenderunt:
845 1514 874 1540 8(
893 1514 1015 1540 clamore
1030 1518 1098 1540 orto
1116 1522 1132 1540 a
1153 1515 1229 1541 mlli-

651 1545 729 1571 tibus
739 1561 748 1574 ,
767 1546 797 1570 nl
809 1545 918 1576 iignum
930 1547 1025 1574 detur,
1036 1545 1096 1571 fine
1104 1546 1228 1573 ducibus

649 1577 972 1612 iturosmaudquaquam
982 1577 1042 1603 dux
1051 1576 1227 1613 defuitmam

650 1608 795 1639 extemplo
820 1609 912 1634 Varro
922 1608 1032 1639 iignum
1043 1609 1126 1644 dedit
1137 1610 1228 1639 proh-

651 1639 786 1666 ciscendi.
805 1639 931 1666 Paullus,
941 1646 1030 1671 quum
1044 1640 1071 1666 ei
1079 1641 1127 1666 lua
1138 1641 1224 1671 ipon-

649 1676 679 1697 te
708 1672 856 1697 cunctanti
876 1671 946 1701 pulli
965 1678 1081 1703 quoque
1099 1672 1229 1703 auspicio

652 1709 712 1727 non
724 1702 897 1728 addixissent
908 1719 915 1730 ,
935 1703 1170 1734 obnuntiarijam
1184 1703 1229 1729 ef-

649 1733 756 1760 ferenti
780 1739 863 1766 porta
889 1734 968 1766 signa
993 1734 1108 1766 collega
1133 1734 1227 1766 justit,

670 1766 729 1792 uod
747 1770 914 1804 quamquam
933 1767 1026 1792 Varro
1037 1771 1110 1798 aegre
1118 1767 1158 1792 est
1169 1767 1230 1797 pai-

653 1797 1111 1867 e1⁵2tffligz⁰2¹2¹an¹affinpzzssss⁵
1116 1797 1233 1856 1³35?ae

654 1859 731 1885 bello
744 1865 897 1886 memorata
918 1860 1022 1885 navalis
1031 1860 1140 1890 clades,
1158 1861 1228 1887 rell-

652 1891 766 1923 gionem
794 1892 892 1918 animo
912 1891 1037 1918 incuflit.
1065 1892 1114 1918 nii
1133 1898 1223 1925 prope

651 1922 704 1954 ipfi
722 1929 757 1948 eo
766 1923 813 1949 die
823 1923 912 1955 magis
920 1923 1056 1949 distulere
1066 1929 1149 1954 quam
1159 1930 1227 1955 pro·

651 1953 771 1980 hibuere
789 1954 985 1980 imminentem
1005 1954 1107 1987 pestem
1121 1956 1230 1981 Roma-

651 1985 706 2010 nis.
725 1991 790 2010 nam
811 1984 888 2011 forte
909 1986 947 2011 ita
956 1983 1051 2012 evenit
1063 2002 1072 2013 ‚
1091 1991 1124 2012 ut
1134 1993 1224 2018 quum

650 2016 753 2042 referri
762 2016 841 2047 figna
853 2018 881 2043 in
892 2017 979 2043 castra
989 2017 1103 2047 jubenti
1113 2017 1228 2044 Consu-

648 2047 671 2073 li
692 2049 797 2074 milites
817 2054 877 2074 non
900 2054 1049 2079 parerent,
1063 2047 1136 2074 servi
1155 2049 1226 2078 duo.

652 2080 799 2105 Formiani
808 2080 967 2107 unus,alter
976 2080 1097 2106 Sidicini
1109 2087 1124 2106 e
1145 2080 1229 2110 uitis.

651 2111 702 2142 qui
722 2111 842 2137 servilio
851 2116 936 2143 atque
946 2111 1040 2137 Atilio
1052 2112 1114 2136 con
1130 2111 1230 2138 ulibus

653 2142 730 2168 inter
750 2143 927 2174 pabulatores
944 2142 1052 2174 excepti
1063 2141 1076 2168 a
1088 2143 1226 2169 Numidis

653 2172 778 2201 fuerant,
791 2173 876 2204 profu
897 2180 978 2200 erent
988 2174 1078 2199 eodie
1086 2175 1121 2200 ad
1130 2175 1224 2200 domi·

652 2210 705 2230 nos
718 2212 723 2229 z
736 2205 785 2236 qui
796 2205 870 2231 dedu
885 2207 909 2231 ti
919 2205 955 2231 ad
967 2203 1104 2231 consules
1114 2207 1228 2232 denun-

649 2236 746 2264 ciant,
765 2242 879 2262 omnem
896 2236 1054 2263 exercitum
1073 2237 1230 2264 Annibalis

651 2271 730 2294 trans
749 2267 897 2298 proximos
914 2273 1025 2294 montes
1034 2268 1130 2294 sedere
1139 2268 1170 2294 in
1181 2269 1228 2294 in-

651 2298 742 2325 fidils.
776 2299 889 2324 Horum
919 2304 1098 2332 opportunus
1121 2300 1228 2326 adven-

653 2335 701 2359 tus
710 2346 719 2363 ‚
738 2330 878 2360 consules
886 2331 999 2365 imperii
1006 2336 1137 2365 potentes
1146 2330 1226 2389 ῒξῆεἰτ,
